Symbol,EndDate,Quarter,NetIncome,StockholdersEquity,TotalAssets,NetSales,ROE,Percent_Growth
HES,2010-12-31,FY,2138000000,16689000000,35396000000,33862000000,0.12810833483132603,-25.79043825757549
TTI,2010-12-31,FY,-43718000,516323000,1299628000,419926000,-0.08467180427755494,-21.314235529598974
BGC,2010-12-31,FY,76900000,1482000000,4327700000,4864900000,0.051889338731443996,-28.519841599487904
EQR,2010-12-31,FY,283610000,5090186000,16184194000,1995519000,0.05571702094972561,9.778629339273149
FNLC,2010-12-31,FY,12116000,149848000,1393802000,57260000,0.08085526667022583,-2.6599118258937375
ROCK,2010-12-31,FY,-91068000,440853000,810890000,685068000,-0.2065722587801376,2.873989330091918
MMM,2010-12-31,FY,4163000000,15663000000,30156000000,26662000000,0.2657856093979442,-5.295480339767073
GTLS,2010-12-31,FY,20505000,499164000,954839000,555455000,0.0410786835589105,60.06513217508671
TER,2010-12-31,FY,379730000,1122188000,1810355000,1349257000,0.3383835863509501,-2.9202268413538994
CF,2010-12-31,FY,440700000,4050400000,8758500000,3965000000,0.10880406873395221,7.273398273507295
FITB,2010-12-31,FY,753000000,14051000000,111007000000,4489000000,0.05359049177994449,-13.351498619900765
APD,2010-12-31,Q1,275900000,5810000000,13459700000,2391700000,0.18994836488812392,-6.333149887044058
ADI,2011-01-29,Q1,222106000,3364427000,4596905000,728504000,0.26406398474391035,1.3649208197384197
PHH,2010-12-31,FY,76000000,1564000000,11270000000,2438000000,0.04859335038363171,-53.77969768647258
CSL,2010-12-31,FY,145600000,1340700000,2529500000,2527700000,0.10859998508241964,11.474578173117175
FAST,2010-12-31,FY,265356000,1282512000,1468283000,2269471000,0.2069033272203301,45.58504664137586
PRGO,2010-12-25,Q2,164542000,1306140000,2935020000,1358837000,0.5039031038020426,54.3730836833736
KOP,2010-12-31,FY,44500000,88700000,669200000,1245500000,0.5016910935738444,-3.968692614285264
MATW,2010-12-31,Q1,13523000,470812000,1010719000,207344000,0.1148908693916043,-10.14865432680789
PM,2010-12-31,FY,7498000000,3506000000,35050000000,67713000000,2.1386195094124356,34.085093103903155
CCL,2010-11-30,FY,1978000000,23031000000,37490000000,14469000000,0.08588424297685728,-22.415884358255006
TRAK,2010-12-31,FY,-27833000,408917000,458963000,243826000,-0.06806515747694519,-44.03669616407678
DLX,2010-12-31,FY,152624000,226198000,1308691000,1402237000,0.6747362929822545,-1.129453621683786
MAT,2010-12-31,FY,684863000,2628584000,5417733000,5856195000,0.26054446043953705,9.162406196400354
AFG,2010-12-31,FY,479000000,4470000000,32454000000,4497000000,0.10715883668903803,14.245891432939183
JBLU,2010-06-30,Q2,30000000,1562000000,6581000000,1811000000,0.07682458386683738,10.92896915271679
HTLD,2010-12-31,FY,62216000,334187000,506035000,499516000,0.1861712155170608,-10.79900403543525
ORA,2010-12-31,FY,37318000,939132000,2043328000,373230000,0.039736693031437544,-39.04665066548606
JBL,2010-11-30,Q1,106677000,1691411000,6384454000,4082181000,0.2522793099962103,26.207810245693903
SNA,2011-01-01,FY,193000000,1388500000,3729400000,2619200000,0.1389989196975153,-12.678975563301204
WTW,2011-01-01,FY,192522000,-694766000,1091987000,819646000,-0.2771033700555295,10.35266845102669
TSCO,2010-12-25,FY,167972000,933242000,1463474000,3638336000,0.17998761307356506,46.49050597897112
RBC,2011-01-01,FY,149379000,1397162000,2449136000,2237978000,0.10691601976005646,6.37755089628354
BBY,2010-11-27,Q3,678000000,6001000000,22352000000,34016000000,0.45192467922012997,-40.95830626386299
NFLX,2010-12-31,FY,160853000,290164000,982067000,2162625000,0.5543520216153623,-60.56346269336317
OIS,2010-12-31,FY,168018000,1628933000,3015999000,1282212000,0.103146047136377,19.16055706485792
WABC,2010-12-31,FY,94577000,545287000,4931524000,221155000,0.17344444301808037,-20.85812049794211
SIRI,2010-12-31,FY,43055000,207636000,7383086000,2816992000,0.20735806892831687,11.656445262348566
HUBG,2010-12-31,FY,43458000,376300000,629407000,1833737000,0.11548764283816104,-7.712006635011409
CBT,2010-12-31,Q1,80000000,1381000000,2911000000,753000000,0.23171614771904417,-14.634799237506385
WTM,2010-12-31,FY,139500000,3653000000,14534100000,3571100000,0.03818779085683,35.11918450776448
ALV,2010-12-31,FY,595500000,2927300000,5664500000,7170600000,0.20342978171010828,-32.23967614659848
PZZA,2010-12-26,FY,55425000,207200000,415941000,1126397000,0.26749517374517373,37.54538783169789
AMN,2010-11-30,FY,46254000,507967000,781569000,503259000,0.09105709622869203,-25.357144651364337
SONC,2010-11-30,Q1,7479000,31324000,731740000,97274000,0.9550504405567616,-28.311962774911155
EGN,2010-12-31,FY,290807000,2154043000,4363560000,958762000,0.13500519720358414,3.6054739721995035
HOG,2010-12-31,FY,146545000,2206866000,9430740000,4176627000,0.06640412240706957,12.11422262693249
CTSH,2010-12-31,FY,733540000,3584431000,4583074000,4592389000,0.20464614885877283,-12.252699201469209
MSCC,2011-01-02,Q1,-1296000,804688000,1478540000,184351000,-0.0064422484242339885,-27.64578714466774
K,2011-01-01,FY,1240000000,2158000000,11847000000,12397000000,0.5746061167747915,-0.6092781309753552
KR,2011-01-29,FY,1133000000,5298000000,23505000000,82189000000,0.2138542846357116,13.551400328153099
RMBS,2010-12-31,FY,150917000,334783000,663172000,3235000,0.45079051206303783,-63.13476386967518
HRL,2011-01-30,Q1,150035000,2547713000,4122948000,1921558000,0.23556028485155117,17.530363522105244
CAVM,2010-12-31,FY,37124000,234610000,291620000,206500000,0.15823707429350836,-24.54883207293766
CNC,2010-12-31,FY,98271000,797055000,1943882000,91661000,0.12329262096091236,56.235200924198466
UNFI,2011-01-29,Q2,36133000,815424000,1394667000,2167416000,0.17724766501844438,20.324325561523438
CLF,2010-12-31,FY,1019700000,3845900000,7778200000,4416800000,0.2651394992069477,-20.074353587072064
SRCL,2010-12-31,FY,210457000,1048425000,2639023000,1439388000,0.20073634260915182,-3.7073653829509237
CGNX,2010-12-31,FY,61381000,473311000,533104000,290691000,0.12968428792062725,21.65194025395744
RPM,2010-11-30,Q2,128497000,1187418000,3118555000,1721153000,0.43286189025263216,9.179692920588543
AIT,2010-12-31,Q2,41948000,589241000,829630000,1057018000,0.28475954660317254,8.282015593045083
CBSH,2010-12-31,FY,221875000,2021987000,18502339000,729478000,0.10973117037844457,-4.052355310057476
SXT,2010-12-31,FY,107144000,983785000,1599268000,1328180000,0.10890997524865698,3.185412464536453
FWRD,2010-12-31,FY,32036000,256086000,348796000,483939000,0.12509859968916692,12.931642652644854
HLIT,2010-12-31,FY,-4335000,520203000,720386000,370783000,-0.008333285275171423,-41.19019671731267
REG,2010-12-31,FY,16199000,1701435000,3973648000,486806000,0.00952078686520496,-10.937506067707442
IRM,2010-12-31,FY,-48992000,1955845000,6395799000,3127549000,-0.025049019733158814,23.15073330005696
CBRL,2011-01-28,Q2,52511000,259880000,1314457000,1238968000,0.8082345698014468,4.29338061707712
CNO,2010-12-31,FY,284600000,4325300000,31899600000,4083900000,0.06579890412225742,-6.932157116291507
EAT,2010-12-29,Q2,58895000,527557000,1612337000,1326779000,0.44654890372035627,25.777574918490505
FLEX,2010-12-31,Q3,460884000,2167248000,11704317000,21821074000,0.8506345374410312,-27.89809023982358
NHI,2010-12-31,FY,69421000,442500000,509341000,78396000,0.15688361581920904,-2.310086417042664
UTHR,2010-12-31,FY,105916000,883886000,1431635000,591881000,0.11982993281939074,-25.260994799654178
COP,2010-12-31,FY,11358000000,69109000000,156314000000,198655000000,0.1643490717562112,7.004404477076733
CRI,2011-01-01,FY,146472000,679936000,1257182000,1749256000,0.2154202748493976,36.149116569465164
CACI,2010-12-31,Q2,61890000,1233056000,2202330000,1701249000,0.20076947032413775,4.719094702357183
WU,2010-12-31,FY,909900000,582700000,7929200000,5192700000,1.561523940278016,-1.6693563329932906
BMS,2010-12-31,FY,211466000,1879623000,4285831000,4835042000,0.11250447563154951,-7.8995711443963375
D,2010-12-31,FY,2825000000,11997000000,42817000000,15197000000,0.2354755355505543,24.250937065354904
EXP,2010-12-31,Q3,25653000,468779000,990443000,366799000,0.21889205787801927,-9.16814213305448
SBH,2010-12-31,Q1,40949000,-406894000,1670440000,793564000,-0.4025520160041682,45.423259112791456
AME,2010-12-31,FY,283932000,1775204000,3818915000,2470952000,0.15994330792404704,7.261144686114819
MCD,2010-12-31,FY,4946300000,14634200000,31975200000,16233300000,0.3379959273482664,30.706095673360146
AIZ,2010-12-31,FY,279177000,4780537000,26397018000,8527722000,0.058398669438182366,6.593979453121758
MOS,2011-02-28,Q3,1868300000,10983400000,14699100000,7077400000,0.6804086166396562,-31.31042251738742
SLM,2010-12-31,FY,530382000,5011578000,205307049000,5753915000,0.10583133695614436,6.433669070999801
CAG,2010-11-28,Q2,347300000,4946700000,11603500000,5978700000,0.2808336871045343,10.013785851516978
AVB,2010-12-31,FY,174079000,3310618000,7821488000,895266000,0.05258202547077313,16.03731902473361
JNJ,2011-01-02,FY,13334000000,56579000000,102908000000,61587000000,0.23567047844606656,4.3935086750054015
NKE,2010-11-30,Q2,1016000000,9949000000,14464000000,10017000000,0.4084832646497135,10.147458228111375
MLM,2010-12-31,FY,98664000,1425440000,3074743000,1550895000,0.06921652261757773,-18.245874448649268
POWI,2010-12-31,FY,49464000,354035000,433070000,299803000,0.13971499992938552,-17.430278950688482
TDW,2010-12-31,Q3,93597000,2506138000,3755540000,798499000,0.14938842154741677,-8.432388080283651
KFY,2011-01-31,Q3,38535000,543252000,907517000,570475000,0.28373572485697246,-26.965810123114466
TDY,2011-01-02,FY,120600000,786000000,1557800000,1644200000,0.1534351145038168,22.242032047708626
WDC,2010-12-31,Q2,422000000,5159000000,7843000000,4871000000,0.3271951928668347,-8.702066755623752
HD,2011-01-30,FY,3338000000,18889000000,40125000000,67997000000,0.17671660754936735,22.028823424751547
PLXS,2011-01-01,Q1,25033000,680474000,1290108000,565774000,0.14715036871357318,-13.818071242502237
PTEN,2010-12-31,FY,116942000,2187607000,3423031000,1462931000,0.05345658520931776,-7.285381672423526
GWW,2010-12-31,FY,513582000,2287670000,3904377000,7182158000,0.22450003715570865,35.536892052823625
BIIB,2010-12-31,FY,898573000,5396506000,8092493000,3470056000,0.16651014563867805,64.13124242038747
RNR,2010-12-31,FY,861152000,3936325000,8138278000,1224671000,0.2187705537525484,16.76873033467815
LOGI,2010-12-31,Q3,125684000,1179445000,1948013000,1815268000,0.42624793864911037,-58.059296335361054
CMS,2010-12-31,FY,343000000,2793000000,15616000000,6432000000,0.12280701754385964,18.70967457454077
MMS,2010-12-31,Q1,17482000,357177000,536744000,214114000,0.19577968346226102,26.105511801130376
ICUI,2010-12-31,FY,30929000,274286000,312226000,284582000,0.11276186170639406,23.28767123287671
DCI,2011-01-31,Q2,97713000,876603000,1595107000,1074014000,0.4458711640275016,23.94197806249568
UIS,2010-12-31,FY,236100000,-937300000,3020900000,3457400000,-0.25189373733063053,-23.87022190370048
WCN,2010-12-31,FY,136142000,1366149000,2915984000,1319757000,0.09965384449280422,20.37776936225686
CCK,2010-12-31,FY,452000000,-96000000,6899000000,7941000000,-4.708333333333333,0.5991634408019687
KSS,2011-01-29,FY,1114000000,8102000000,13564000000,18391000000,0.13749691434213773,-8.054352601235967
EW,2010-12-31,FY,218000000,1308200000,1767200000,1447000000,0.16664118636294145,-12.543299338453917
JPM,2010-12-31,FY,17370000000,176106000000,2117605000000,63782000000,0.0986337773840755,-21.61715833278478
AVGO,2011-01-30,Q1,119000000,1644000000,1971000000,550000000,0.2895377128953771,18.355975708177112
BA,2010-12-31,FY,3307000000,2766000000,68565000000,52586000000,1.195589298626175,12.396561558491419
AMAT,2011-01-30,Q1,506000000,7839000000,11274000000,2686000000,0.25819619849470593,-22.05226342053507
SPG,2010-12-31,FY,753514000,4830780000,24857429000,3957630000,0.15598184972199106,29.600959478218098
AAPL,2010-12-25,Q1,6004000000,54666000000,86742000000,26741000000,0.43932243076135075,24.223860096239925
KO,2010-12-31,FY,11859000000,31003000000,72921000000,35119000000,0.38251136986743217,6.385897509513544
CRL,2010-12-25,FY,-342117000,687423000,1733373000,458623000,-0.4976804674850856,-24.284527009889064
KMB,2010-12-31,FY,1943000000,5917000000,19864000000,19746000000,0.328375866148386,16.68782154793646
PAYX,2011-02-28,Q3,396400000,1468200000,5962800000,1525800000,1.0799618580574855,-7.136489591593737
TDC,2010-12-31,FY,301000000,1189000000,1883000000,933000000,0.2531539108494533,17.857139216153854
MSA,2010-12-31,FY,39059000,451368000,1197188000,976631000,0.08653471225253008,6.392546819038072
TAP,2010-12-25,FY,707700000,7798800000,12697600000,3254400000,0.09074472995845514,-12.888534028633869
UNF,2010-11-27,Q1,23764000,736293000,1133164000,273090000,0.12910077917350837,1.0638282958301375
CW,2010-12-31,FY,106598000,1160103000,2242018000,1893134000,0.09188666868372894,6.415665720384306
PRK,2010-12-31,FY,74217000,745824000,7298377000,345517000,0.09951007208134895,-10.471997801155318
MSFT,2010-12-31,Q2,6634000000,48481000000,92306000000,19953000000,0.547348445782884,-6.986745874598285
JBLU,2010-09-30,Q3,89000000,1629000000,6609000000,2841000000,0.2185389809699202,-36.32286707854278
USM,2010-12-31,FY,155408000,3480583000,5933610000,3913001000,0.04464999110781154,-12.635157653406557
CXW,2010-12-31,FY,157193000,1470871000,2983228000,1675031000,0.10687069090355307,-18.715078717710647
MTN,2011-01-31,Q2,11497000,806439000,2001793000,622562000,0.05702601188682591,-9.677414745087317
BHE,2010-12-31,FY,81035000,1121016000,1477732000,2402143000,0.0722871038415152,-25.825989095763397
GRMN,2010-12-25,FY,584603000,3049562000,3988688000,2689911000,0.1917006442236623,31.41636962673633
RSG,2010-12-31,FY,507500000,7846500000,19461900000,8106600000,0.06467851908494233,-7.736106249409143
STX,2010-12-31,Q2,299000000,2776000000,8658000000,5417000000,0.430835734870317,9.115102527605002
MELI,2010-12-31,FY,56025019,171718270,269683023,216715713,0.32626125921254623,19.35774556426952
UPS,2010-12-31,FY,3488000000,7979000000,33597000000,49545000000,0.4371475122195764,0.8404527348614127
SPR,2010-12-31,Q4,218900000,1810400000,5102000000,4172400000,0.48365002209456476,-0.1441555985908167
B,2010-12-31,FY,53278000,712119000,1403257000,1133199000,0.07481614730122353,16.64247954214036
ADP,2010-12-31,Q2,588600000.000001,5775600000,32660300000,3684800000,0.40764595886141697,16.702680475089355
DGX,2010-12-31,Q4,757017000,4033480000,8527630000,7368925000,0.7507333617620516,7.578284343300975
NX,2011-01-31,Q1,-4740000,435476000,560612000,159808000,-0.04353856469702119,-15.649047064537575
CVLT,2010-12-31,Q3,16169000,173006000,313495000,225155000,0.37383674554639723,49.26624726768318
ODFL,2010-12-31,FY,75651000,668649000,1239881000,1480998000,0.11314007797813203,26.695831838931838
HBAN,2010-12-31,FY,312347000,4980542000,53819642000,2145392000,0.0627134556841404,-20.08733824496437
INTU,2011-01-31,Q2,73000000,2272000000,4979000000,430000000,0.12852112676056338,20.51992543254505
G,2010-12-31,FY,149031000,1478672000,1893461000,1258963000,0.1007870575759871,-1.644736862743991
XRX,2010-12-31,FY,606000000,12006000000,30600000000,21633000000,0.050474762618690654,-30.902778454107704
OMC,2010-12-31,Q4,923700000,3580500000,19566100000,12542500000,1.0319229157938836,-2.663749839145541
AIZ,2010-12-31,FY,279177000,4780537000,26397018000,8527722000,0.058398669438182366,6.593979453121758
FTI,2010-12-31,FY,377900000,1311700000,3644200000,3556700000,0.28809941297552794,17.489593282866878
FULT,2010-12-31,FY,128332000,1880389000,16275254000,745373000,0.06824758068676215,-5.125722680367111
PENN,2010-12-31,FY,-59467000,1777766000,4462879000,2459111000,-0.03345040910896035,8.307247706234858
PBHC,2010-12-31,FY,2505000,30592000,408545000,18139000,0.08188415271966527,4.823513215604641
NNN,2010-12-31,FY,73353000,1527483000,2713575000,229056000,0.048022138380590815,-0.45283335559772997
AWH,2010-12-31,FY,665005000,3075820000,10427631000,1890048000,0.2162041341821043,-84.441490458996
MRK,2010-12-31,FY,982000000,54376000000,105781000000,45987000000,0.018059437987347358,4.605992355810658
FDX,2011-02-28,Q3,894000000,14880000000,26202000000,28752000000,0.2403225806451613,1.4885625608256088
ANF,2011-01-29,Q4,150283000,1890784000,2947902000,3468777000,0.3179273782727165,-6.308272792702721
STRA,2010-12-31,FY,131260000,176004000,412767000,636732000,0.7457785050339765,-36.15162155958015
BRC,2011-01-31,Q2,50480000,1077457000,1823180000,658597000,0.1874042305168559,2.5038158620586835
HAE,2011-01-01,Q3,58992000,648524000,783388000,506661000,0.3638539205950744,1.5593935972823763
RGR,2010-12-31,FY,28255000,114480000,157761000,255206000,0.24681167016072678,118.83583497679466
BAX,2010-12-31,FY,1427000000,6567000000,17489000000,12843000000,0.21729861428353892,-2.252073144270197
UNH,2010-12-31,FY,4634000000,25825000000,63063000000,5819000000,0.17943852855759923,40.34893228621955
TTEC,2010-12-31,FY,53538000,454818000,660623000,1094906000,0.11771301927364353,-21.32102650371604
ROP,2010-12-31,FY,322580000,2750907000,5069524000,2386112000,0.11726314266531003,13.659560905038045
BSX,2010-12-31,FY,-1065000000,11296000000,22128000000,7806000000,-0.09428116147308782,-29.458387959112443
PVH,2011-01-30,FY,53805000,2442557000,6735334000,4219739000,0.022028145095488047,31.403115216342094
VFC,2011-01-01,FY,573512000,3861219000,6457556000,7624599000,0.14853133168566715,47.047243207986675
SBUX,2011-01-02,Q1,347600000,4051700000,6931100000,2451300000,0.343164597576326,38.37593480160362
CHD,2010-12-31,FY,270694000,1870689000,2945194000,2589220000,0.14470283408947185,32.599248180723144
SMG,2011-01-01,Q1,-67900000,678600000,2255200000,230200000,-0.4002357795461244,-8.054352601235967
GOOG,2010-12-31,FY,8505000000,46241000000,57851000000,29321000000,0.18392768322484376,8.742857257051332
EME,2010-12-31,FY,-82684000,1162845000,2755542000,5121285000,-0.071104919400264,-7.487923086856235
LVS,2010-12-31,FY,781603000,6662991000,21044308000,6853182000,0.11730512618132007,-7.007619515210514
PCG,2010-12-31,FY,1113000000,11282000000,46025000000,13841000000,0.0986527211487325,-13.837790365321851
ADSK,2011-01-31,FY,212000000,1609300000,2787600000,1951800000,0.13173429441372025,-11.72566475412926
GNTX,2010-12-31,FY,137733969,893530826,1002690639,816263414,0.15414573844819987,0.10149082269122897
LUV,2010-12-31,FY,459000000,6237000000,15463000000,12104000000,0.0735930735930736,-34.05238273111762
AOS,2010-12-31,FY,111500000,881400000,2112000000,1489300000,0.12650329022010437,5.357134986181741
TEL,2010-12-24,Q1,266000000,7339000000,18102000000,3200000000,0.14497887995639733,-11.259210422541031
IBKR,2010-12-31,FY,-9316000,487827000,28498768000,988317000,-0.019096933954045183,-16.16161708059629
GILD,2010-12-31,FY,2889749000,5863729000,11592630000,7389921000,0.49281762509829496,12.941496714928972
RIG,2010-12-31,FY,988000000,21383000000,36811000000,9576000000,0.04620492914932423,-44.7705391888651
CRS,2010-12-31,Q2,17000000,613400000,1630000000,727300000,0.11085751548744702,27.932399092777054
SMTC,2011-01-30,FY,72572000,528615000,659943000,454502000,0.13728706147195974,32.64651607578741
IFF,2010-12-31,FY,263557000,999422000,2872455000,2622862000,0.26370942404709924,-5.7024680247190185
BPOP,2010-12-31,FY,137401000,3800531000,38722962000,1948246000,0.036153105973875756,-55.73248475351132
POOL,2010-12-31,FY,57638000,285182000,728545000,1613746000,0.2021095300544915,33.540368939091096
AMZN,2010-12-31,FY,1152000000,6864000000,18797000000,34204000000,0.16783216783216784,-3.8333363003200955
MAR,2010-12-31,FY,458000000,1585000000,8983000000,11691000000,0.2889589905362776,-25.4950189484084
CNX,2010-12-31,FY,358626000,2944477000,12070610000,5236021000,0.12179616278204924,-24.7025099798862
MCHP,2010-12-31,Q3,293422000,1649945000,2828726000,1107220000,0.7113497722651361,7.073960971665083
HI,2010-12-31,Q1,27100000,400500000,1094400000,211000000,0.2706616729088639,7.256128148167905
MMC,2010-12-31,FY,871000000,6415000000,15310000000,10550000000,0.13577552611067809,15.654720785509507
MAS,2010-12-31,FY,-1002000000,1384000000,8140000000,7592000000,-0.7239884393063584,-17.219584409220708
HNI,2011-01-01,FY,27123000,407985000,997880000,1686728000,0.06648038530828339,-17.76937438663928
PLCE,2011-01-29,FY,83124000,607727000,854331000,1673999000,0.13677852061863305,19.479589320377386
RLI,2010-12-31,FY,127432000,791376000,2514592000,583424000,0.16102585875740483,38.59615946987536
KNX,2010-12-31,FY,58979000,507533000,676987000,730709000,0.11620722199344673,-17.68420871935393
PH,2010-12-31,Q2,480848000,5113261000,10618844000,5695937000,0.3761576027509646,-11.645426067633387
TROW,2010-12-31,FY,672200000,3296500000,3642000000,6400000,0.20391324131654787,-11.760148814565405
PFG,2010-12-31,FY,485300000,7815300000,127869600000,7432200000,0.06209614474172456,-24.447176462194136
BMRN,2010-12-31,FY,205819000,717257000,1262623000,369701000,0.2869529331885224,27.664317410006152
CLH,2010-12-31,FY,130515000,780827000,1602475000,1731244000,0.1671497015343988,51.59371587619983
IDCC,2010-12-31,FY,153616000,353116000,874643000,394545000,0.43502984854835236,4.634967179311662
ALB,2010-12-31,FY,337359000,1416074000,3068081000,2362764000,0.238235431199217,-7.655074491232352
CHH,2010-12-31,FY,107441000,-58071000,411722000,596076000,-1.850166175888137,-0.5748659996644822
NVDA,2011-01-30,FY,253146000,3181462000,4495246000,3543309000,0.07956907861857222,-37.667224916990065
XOM,2010-12-31,FY,31398000000,146839000000,302510000000,383221000000,0.2138260271453769,15.919035766437448
ST,2010-12-31,FY,1907000,1253883000,4213115000,65326000,0.0015208755521846935,-12.720026058017858
SM,2010-12-31,FY,196837000,1218526000,2744321000,1092834000,0.16153697171828915,24.045474453698198
GLW,2010-12-31,FY,3558000000,19375000000,25833000000,6632000000,0.18363870967741935,-32.81573629779281
JCI,2010-12-31,Q1,403000000,10431000000,25993000000,7595000000,0.15453935384910364,12.717186929665461
ACIW,2010-12-31,FY,27195000,255623000,601529000,418424000,0.10638714043728459,6.587273548496733
BDC,2010-12-31,FY,108459000,638515000,1696484000,1617090000,0.16986131884137412,-9.614342598772376
NI,2010-12-31,FY,292000000,4923200000,19938800000,6422000000,0.059311017224569385,35.13054071600037
WSO,2010-12-31,FY,111722000,764461000,1237227000,2844595000,0.14614480006174285,4.090047172104767
PPG,2010-12-31,FY,880000000,3638000000,14975000000,13423000000,0.24189114898295766,-0.689903453265262
OXY,2010-12-31,FY,4602000000,32484000000,52432000000,19045000000,0.1416697451052826,-4.485218253887722
ADTN,2010-12-31,FY,113989000,572322000,691974000,605674000,0.19916934872327116,-16.708090002838112
PSA,2010-12-31,FY,696114000,8676598000,9495333000,1646722000,0.08022890999444714,32.577409920560115
SIG,2011-01-29,FY,200400000,1939000000,3089800000,3437400000,0.10335224342444559,9.36911390095275
NBR,2010-12-31,FY,94780000,5328162000,11646569000,4174635000,0.01778849817254055,-26.08695652173913
APH,2010-12-31,FY,502413000,2320855000,4015857000,3554101000,0.21647754814497244,-14.001514893075726
HST,2010-12-31,FY,-132000000,6332000000,12411000000,4437000000,-0.020846493998736577,-17.347511112946947
COF,2010-12-31,FY,2743000000,26541000000,197503000000,15353000000,0.10334953468218983,-0.6343995513428567
GNW,2010-12-31,FY,285000000,13861000000,112395000000,10089000000,0.020561287064425365,-50.15220685238929
MAN,2010-12-31,FY,-263600000,2397200000,6729700000,18866500000,-0.10996162189220758,-43.036964697091086
EOG,2010-12-31,FY,160654000,10231632000,21624233000,6099896000,0.015701698419176922,7.767200732608803
DST,2010-12-31,FY,317500000,845600000,3339400000,1713600000,0.37547303689687794,2.6381105386627968
ANSS,2010-12-31,FY,153132000,1529929000,2126876000,580236000,0.10009091925180842,10.005759775317479
TTC,2011-01-28,Q1,17282000,266097000,896711000,383213000,0.25978496563283315,6.86871723246631
TDG,2011-01-01,Q1,-7347000,596262000,4212912000,240046000,-0.04928705837366795,29.735593634136652
UBSI,2010-12-31,FY,71947000,793012000,7155719000,323382000,0.0907262437390607,-3.1849324687557354
KMX,2010-11-30,Q3,291368000,2183485000,6695392000,6722921000,0.5337668910022281,-13.434655862145892
HIG,2010-12-31,FY,1680000000,20311000000,318346000000,22383000000,0.08271380040372212,-38.656096110211195
IDXX,2010-12-31,FY,141320000,574235000,897144000,718107000,0.24610133481936838,11.181736098344018
OKE,2010-12-31,FY,541330000,2448623000,12499175000,13030051000,0.22107527373548316,56.282677131151225
DRI,2010-11-28,Q2,187600000,1878600000,5252300000,3532900000,0.3994463962525285,-9.460006526831002
THS,2010-12-31,FY,90919000,977966000,2391248000,1817024000,0.09296744467599079,27.970242822765464
PRA,2010-12-31,FY,231598000,1855863000,4875056000,692065000,0.1247926166963833,31.716174430121352
HCSG,2010-12-31,FY,34441000,213079000,277934000,773956000,0.16163488659135813,8.727719952929403
BWA,2010-12-31,FY,396200000,2258600000,5555000000,5652800000,0.17541840077924378,-11.912664126816441
PNW,2010-12-31,FY,350053000,3683327000,12362703000,3263645000,0.09503717698700115,16.2364280298244
EXPD,2010-12-31,FY,344205000,1740906000,2679179000,5967573000,0.19771601683261475,-24.98168456197563
CMI,2010-12-31,FY,1140000000,4670000000,10402000000,13226000000,0.24411134903640258,-19.989096505909366
MAC,2010-12-31,FY,28420000,3187996000,7645010000,758559000,0.008914691235497159,6.818660787560655
SEE,2010-12-31,FY,255900000,2404600000,5399400000,4490100000,0.10642102636613159,-32.37721584066107
WMT,2011-01-31,FY,16993000000,68542000000,180663000000,418952000000,0.24792098275509905,9.327618295156936
CBI,2010-12-31,FY,204559000,1055462000,2909534000,3642318000,0.1938099145208449,-7.142850655276464
T,2010-12-31,FY,20179000000,111950000000,268488000000,124280000000,0.18025011165698973,2.9271561032737745
ED,2010-12-31,FY,904000000,10136000000,32435000000,10573000000,0.08918705603788477,25.13616937902392
EIG,2010-12-31,FY,62799000,490116000,3480120000,415604000,0.1281308914624293,3.4897061002641263
MHK,2010-12-31,FY,185471000,3271556000,6098926000,5319072000,0.056691983875562575,5.443975059836513
PDCO,2011-01-29,Q3,162678000,1551556000,2503585000,2531851000,0.41939317691401407,-2.813067956878922
MLI,2010-12-25,FY,87535000,788736000,1258996000,2059797000,0.110981367656605,16.59675531323429
FSLR,2010-12-31,FY,664201000,3454945000,4380403000,2563515000,0.19224647570366532,-74.05870717698917
EXPE,2010-12-31,FY,425560000,2672544000,6650994000,3348109000,0.15923404815786008,-42.16819393926862
CMCSA,2010-12-31,FY,3668000000,44354000000,118534000000,37937000000,0.08269829102223024,7.919889965861324
A,2011-01-31,Q1,193000000,3332000000,8044000000,1258000000,0.23169267707082833,3.1795352533854104
MIDD,2011-01-01,FY,72867000,424913000,873172000,719121000,0.17148686907672864,8.178990699059163
JNPR,2010-12-31,FY,619373000,6608200000,8467851000,3258651000,0.09372794406948942,-44.71830753074179
AKAM,2010-12-31,FY,171220000,2177605000,2352676000,1023586000,0.0786276666337559,-31.39213750747433
VMC,2010-12-31,FY,-96490000,3964980000,8337891000,2405916000,-0.02433555780861442,-11.293963181464356
TEX,2010-12-31,FY,358500000,2083200000,5516400000,4418200000,0.1720910138248848,-56.4755160102987
CMC,2010-11-30,Q1,742000,1257596000,3629614000,1782480000,0.0023600583971323066,-8.97853041454802
ROK,2010-12-31,Q1,150100000,1586100000,4778900000,1235700000,0.37853855368513967,2.3148845116479926
OMI,2010-12-31,FY,110579000,857518000,1822039000,8123608000,0.1289523951683813,-5.572542890392071
IP,2010-12-31,FY,665000000,6834000000,25368000000,25179000000,0.09730757974831723,8.663730788972645
LEG,2010-12-31,FY,182800000,1507300000,3001000000,3359100000,0.12127645458767332,1.2302314755260608
TGT,2011-01-29,FY,2920000000,15487000000,43705000000,65786000000,0.18854523148447086,-8.717859628607265
HUM,2010-12-31,FY,1099390000,6924056000,16103253000,33868208000,0.15877832299449918,60.04749346731371
ORLY,2010-12-31,FY,419373000,3209685000,5047827000,5397525000,0.13065861603241438,32.32373282218156
SLB,2010-12-31,FY,4266000000,31226000000,51767000000,27447000000,0.1366169217959393,-18.191619690306887
TMO,2010-12-31,FY,1035600000,15361000000,21349400000,9135200000,0.06741748584076558,-18.768062274380917
EP,2010-12-31,FY,924000000,3917000000,25270000000,4616000000,0.23589481746234364,-20.000006622738045
AXP,2010-12-31,FY,4057000000,16230000000,147042000000,7292000000,0.24996919285274183,9.902143945278823
CAR,2010-12-31,FY,54000000,410000000,10327000000,5185000000,0.13170731707317074,-31.105398599385886
LECO,2010-12-31,FY,132210000,1133497000,1783788000,2070172000,0.11663903830358616,19.87130670716975
DLB,2010-12-31,Q1,86765000,1550698000,1760131000,46027000,0.22380889122188846,-54.25786862845442
MGM,2010-12-31,FY,-1437397000,2998545000,18961045000,6019233000,-0.47936482527359103,-29.764309513482257
OTEX,2010-12-31,Q2,58781000,954753000,1785651000,484893000,0.24626683550614661,11.029087852574794
FCNCA,2010-12-31,FY,193044000,1732962000,20806659000,969368000,0.11139540278436573,-7.437184518185077
CCI,2010-12-31,FY,-311259000,2445373000,10469529000,177897000,-0.12728487637673272,2.2130900421696795
RMD,2010-12-31,Q2,115164000,1610802000,1884211000,587998000,0.2859792823699002,-26.674364705327847
EZPW,2010-12-31,Q1,27429000,558306000,645047000,218826000,0.19651588913606516,-2.8013208442418844
GPC,2010-12-31,FY,475511000,2793819000,5465044000,11207589000,0.17020107601816725,19.205299145007015
NTAP,2011-01-28,Q3,478900000,3513400000,7763400000,2319400000,0.5452268457904025,-31.001296276945755
AVA,2010-12-31,FY,94948000,1125784000,3940095000,1558740000,0.08433944699871379,14.342804070071855
ISRG,2010-12-31,FY,381800000,2037400000,2390400000,1189100000,0.18739570040247375,79.63530665880964
DAL,2010-12-31,FY,593000000,897000000,43188000000,31755000000,0.6610925306577481,-35.79365152650708
ILMN,2011-01-02,FY,124891000,1197675000,1839113000,842510000,0.10427787170977101,-52.62666882639178
DKS,2011-01-29,FY,182077000,1363581000,2597536000,4871492000,0.13352855459264978,14.0482118963379
TFSL,2010-12-31,Q1,-7348000,1747576000,11064672000,107441000,-0.01681872490810128,-0.6651930883779037
WAB,2010-12-31,FY,123099000,899771000,1803081000,1507012000,0.13681147758707493,32.25562063805339
BOKF,2010-12-31,FY,248294000,2521726000,23941603000,851082000,0.09846192647416888,2.865166171494211
NFX,2010-12-31,FY,523000000,3343000000,7494000000,1883000000,0.15644630571343104,-47.677160972288085
BAC,2010-12-31,FY,-2238000000,228248000000,2264909000000,75497000000,-0.009805124250814904,-58.32084048589062
AZO,2011-02-12,Q2,320131000,-1038412000,5765603000,3452608000,-1.2331560112941684,35.76412704541599
SWN,2010-12-31,FY,603833000,2964876000,6017463000,2610663000,0.20366214303734795,-14.667378376587973
ODP,2010-12-25,FY,33310000,778425000,4652366000,11633094000,0.042791534187622444,-57.037035624186196
MKSI,2010-12-31,FY,142587000,847039000,982413000,763452000,0.16833581452565938,13.551019162547831
TTWO,2010-12-31,Q3,70512000,619090000,976599000,954621000,0.4555848099630102,10.431945274796542
CLB,2010-12-31,FY,145401000,289491000,636042000,605974000,0.5022643190980031,27.9618113904072
FICO,2010-12-31,Q1,16009000,491458000,1136144000,155931000,0.13029801122374648,53.359002419974
DE,2011-01-31,Q1,513700000,6578600000,42895800000,460100000,0.3123460918736509,-3.839381523856126
EXC,2010-12-31,Q4,2563000000,13560000000,52240000000,18644000000,0.756047197640118,4.154659213086818
TRN,2010-12-31,FY,75400000,1764800000,5760000000,2189100000,0.04272438803263826,12.965048757309614
X,2010-12-31,FY,-482000000,3851000000,15350000000,16156000000,-0.12516229550766034,-54.70729217082009
DUK,2010-12-31,FY,1323000000,22522000000,59090000000,14272000000,0.058742562827457594,23.526108222025517
AEE,2010-12-31,FY,151000000,7730000000,23515000000,7638000000,0.019534282018111256,17.52394622373057
AGCO,2010-12-31,FY,220500000,2658400000,5436900000,6896600000,0.08294462834787843,-15.17962623346083
ESE,2010-12-31,Q1,10813000,565106000,962620000,159936000,0.07653785307535224,-23.94291603966277
KBR,2010-12-31,FY,395000000,2246000000,5417000000,10099000000,0.17586821015138024,-8.532978446709572
YUM,2010-12-25,FY,1178000000,1576000000,8316000000,11343000000,0.7474619289340102,19.204359177840818
EGP,2010-12-31,FY,18755000,408856000,1183276000,173126000,0.04587189621773925,2.7410204531593574
BDX,2010-12-31,Q1,315937000,4877933000,10071270000,1842005000,0.2590744891329996,-11.594887308064717
RRC,2010-12-31,FY,-239256000,2223761000,5498586000,1038975000,-0.10759069882060167,37.70564530252424
WOR,2010-11-30,Q2,16883000,666470000,1512312000,580687000,0.10132789172805978,-1.4981173595430486
TKR,2010-12-31,FY,274800000,1941800000,4180400000,4055500000,0.14151817900916674,-18.89796492575725
VGR,2010-12-31,FY,54084000,-46234000,949595000,1063289000,-1.1697884673616818,7.667435663486638
AYI,2011-02-28,Q2,44300000,748000000,1537000000,841200000,0.23689839572192514,12.154987396043257
CSX,2010-12-31,FY,1563000000,8700000000,28141000000,10636000000,0.1796551724137931,-2.2132787024514617
XOM,2010-12-31,FY,31398000000,146839000000,302510000000,383221000000,0.2138260271453769,15.919035766437448
MDT,2011-01-28,Q3,2320000000,15358000000,30597000000,11638000000,0.6042453444458914,3.232587560838408
JACK,2011-01-23,Q1,32401000,510969000,1367226000,436910000,0.2536435674179843,-5.416114451001043
UAL,2010-12-31,FY,253000000,1727000000,39598000000,23229000000,0.1464968152866242,-20.780851885008175
ACM,2010-12-31,Q1,62083000,2236617000,5620040000,1936183000,0.11103018532006151,-26.45691741221133
USB,2010-12-31,FY,3265000000,29519000000,307786000000,12158000000,0.1106067278701853,0.2966256052755694
ACGL,2010-12-31,FY,842588000,4513003000,15770792000,3244067000,0.18670229113519313,26.84838663641943
AAP,2011-01-01,FY,346053000,1039374000,3354217000,5925203000,0.33294367571249617,6.305339318195371
NRG,2010-12-31,FY,476000000,8072000000,26896000000,8849000000,0.058969276511397425,-7.267144369300162
PAG,2010-12-31,FY,109347000,1041550000,4069832000,10713585000,0.10498487830637031,10.505165991338973
CMTL,2011-01-31,Q2,41752000,686248000,998563000,340971000,0.24336391508609131,9.72915716872511
RJF,2010-12-31,Q1,77955000,2406742000,14849838000,830333000,0.12956104144108507,-5.321100403710475
SNV,2010-12-31,FY,-790857000,2997918000,30093148000,1320581000,-0.26380207864257793,-46.590908387194254
LNT,2010-12-31,FY,306300000,2893600000,9282900000,3416100000,0.10585429914293613,19.96192564919621
MTW,2010-12-31,FY,-76100000,481900000,4009300000,3141700000,-0.1579165802033617,-29.90083511540166
RL,2011-01-01,Q3,494400000,3413000000,5008600000,4099000000,0.579431585115734,23.627897585097564
IDA,2010-12-31,FY,142460000,1532113000,4676055000,1036029000,0.09298269775140607,14.683613770665307
WPC,2010-12-31,FY,73972000,625013000,1172326000,273910000,0.11835273826304413,30.840520644307194
RS,2010-12-31,FY,197849000,2823732000,4668893000,6312795000,0.07006649356242023,-4.716242503671739
MCO,2010-12-31,FY,513400000,-309600000,2540300000,2032000000,-1.6582687338501292,26.902785016375603
SVU,2010-12-04,Q3,-1605000000,1261000000,14453000000,28874000000,-5.091197462331483,-12.799039834082995
WYNN,2010-12-31,FY,316596000,2237948000,6674497000,4184698000,0.14146709396286242,6.404084900234495
MO,2010-12-31,FY,3907000000,5192000000,37402000000,24363000000,0.7525038520801233,20.430538618346755
ELS,2010-12-31,FY,60397000,227030000,2048395000,511361000,0.2660309210236533,19.23833734582464
MDT,2010-10-29,Q2,1396000000,14825000000,29311000000,7677000000,0.3766610455311973,0.7096224900607265
NDSN,2011-01-31,Q1,45897000,542775000,997434000,270962000,0.3382396020450463,-1.0724709023430863
VSH,2010-12-31,FY,360293000,1491731000,2966093000,2725092000,0.2415267900177713,-38.76022081587745
SYY,2011-01-01,Q2,557242000,3994491000,10328283000,19136126000,0.5580105199886544,0.4108210989201572
CPRT,2011-01-31,Q2,75719000,641334000,1188411000,353322000,0.4722593843457543,20.662421937201433
SIGI,2010-12-31,FY,65541000,1071109000,5231772000,1564621000,0.061189850892859644,-2.3140500557649903
SJM,2011-01-31,Q3,384602000,5363301000,8358748000,3638576000,0.28683976528634136,25.99742581576743
LRCX,2010-12-26,Q2,415580000,2084779000,2933217000,1676588000,0.7973602957435776,-29.80421996438939
TUP,2010-12-25,FY,225600000,789800000,2015800000,2300400000,0.2856419346670043,16.38664525182146
THO,2011-01-31,Q2,29376000,768816000,1127120000,1132911000,0.15283761003933322,-17.38428178417375
PRU,2010-12-31,FY,3206000000,32415000000,539854000000,38414000000,0.09890482801172297,-14.631238777960965
V,2010-12-31,Q1,884000000,25541000000,33989000000,2238000000,0.13844407031831174,44.25973677395408
BLKB,2010-12-31,FY,29805000,123059000,328091000,327094000,0.24220089550540796,6.949811470735932
GD,2010-12-31,FY,2624000000,13316000000,32545000000,21619000000,0.19705617302493242,-6.4120567658785435
RGS,2010-12-31,Q2,32825000,1065120000,1938532000,1152617000,0.12327249511792099,-0.30120481927710846
SWK,2011-01-01,FY,198200000,7069700000,15139400000,8409600000,0.028035135861493414,-0.6904674934776914
MDT,2011-01-28,Q3,2320,15358,30597,11638,0.6042453444458914,3.232587560838408
ERIE,2010-12-31,FY,660000000,6334000000,14344000000,4890000000,0.10419955794126934,19.382926844048047
M,2011-01-29,FY,847000000,5530000000,20631000000,25003000000,0.15316455696202533,46.090713832034844
OSK,2010-12-31,Q1,99000000,1432800000,4460200000,1700800000,0.27638190954773867,-39.33031174107256
HUBB,2010-12-31,FY,218800000,1459200000,2705800000,2541200000,0.14994517543859648,11.192415470960308
ETN,2010-12-31,FY,937000000,7403000000,17252000000,13715000000,0.12657030933405375,-14.235054943890393
WMB,2010-12-31,FY,-922000000,7288000000,24972000000,9616000000,-0.1265093304061471,33.576045699712964
JBLU,2010-12-31,FY,97000000,1654000000,6593000000,3779000000,0.058645707376058044,-21.331320662161602
FUL,2010-11-27,FY,70419000,631934000,1153457000,1356161000,0.11143410546038035,-1.902947715600714
ACN,2011-02-28,Q2,1037731000,3592907000,13893673000,12099271000,1.1553107274972605,15.889666623762439
UNP,2010-12-31,FY,2780000000,17763000000,43088000000,16965000000,0.15650509486010247,14.331964444684504
AIR,2011-02-28,Q3,48406000,805152000,1655991000,903058000,0.2404813004252613,-17.66215258508983
BG,2010-12-31,FY,2388000000,12220000000,26001000000,45707000000,0.19541734860883797,-12.698407061056235
CL,2010-12-31,FY,2313000000,2675000000,11172000000,15564000000,0.8646728971962617,14.955824601583195
FDS,2010-11-30,Q1,41601000,542558000,659407000,173289000,0.3067026935369122,0.8458328808928189
MDU,2010-12-31,FY,240659000,2692802000,6303549000,3909695000,0.08937122001543374,5.870744645664622
MTX,2010-12-31,FY,69886000,755523000,1116105000,1002354000,0.09250016213933925,-13.575912529655609
FFIN,2010-12-31,FY,59659000,441688000,3776367000,149699000,0.1350704569741537,-2.1561003091914364
ISDR,2010-12-31,FY,429406,907730,1079410,3860513,0.47305476298018134,-2.1739110153428576
MUR,2010-12-31,FY,798081000,8199550000,14233243000,23401117000,0.09733229262581483,-25.23138272405532
NWE,2010-12-31,FY,77376000,820347000,3037669000,1110720000,0.09432106169706234,24.14152275490742
CHE,2010-12-31,FY,81831000,462049000,830161000,1280545000,0.17710459280292784,-19.367028124908963
ECL,2010-12-31,FY,531100000,2129200000,4872200000,6089700000,0.24943640804057862,14.656889077194283
IMO,2010-12-31,FY,2210000000,11177000000,20580000000,25092000000,0.19772747606692315,9.77294925897247
STT,2010-12-31,FY,1556000000,17787000000,160505000000,8953000000,0.08747961994715242,-13.012513507642112
CMP,2010-12-31,FY,150600000,347800000,1114300000,1068900000,0.43300747556066704,-22.874424707992112
HIBB,2011-01-29,FY,46400000,200088000,314265000,664954000,0.231897964895446,52.873204444539226
HPQ,2011-01-31,Q1,2605000000,41206000000,119933000000,32302000000,0.25287579478716693,-38.98008561564662
VSAT,2010-12-31,Q3,24128000,819566000,1355901000,585834000,0.11775988755024,3.8504820768926495
GT,2010-12-31,FY,-164000000,644000000,15630000000,18832000000,-0.2546583850931677,19.57805586615918
NSC,2010-12-31,FY,1496000000,10669000000,28199000000,9516000000,0.1402193270222139,15.98217281805327
CAKE,2010-12-28,FY,81713000,592337000,1028397000,1659404000,0.13795018714009086,-4.724916189309971
BXP,2010-12-31,FY,190327000,4372643000,13348263000,1550804000,0.043526764018924025,15.679442786584566
PCAR,2010-12-31,FY,457600000,5357800000,14234100000,10292900000,0.08540818992870208,-34.65294652940542
IART,2010-12-31,FY,65669000,499963000,1017308000,732068000,0.1313477197312601,-34.82029509304918
FCN,2010-12-31,FY,71890000,1167319000,2414359000,1401461000,0.061585564871299105,13.787552462321678
MTB,2010-12-31,FY,736161000,8357695000,68021263000,2729795000,0.0880818216027266,-12.303281261804527
HLF,2010-12-31,FY,290533000,487212000,1232220000,2337493000,0.5963174141852007,51.14815297130703
AMP,2010-12-31,FY,1260000000,10167000000,13289000000,10046000000,0.12393036293892004,-13.744569856255179
ALKS,2010-12-31,Q3,-32458000,396318000,447437000,20402000,-0.3275955167315136,41.3680862202368
COST,2011-02-13,Q2,701000000,11583000000,25716000000,39272000000,0.24207890874557542,12.777916981236965
CDE,2010-12-31,FY,-91308000,2040767000,3157527000,515457000,-0.04474200141417418,-11.63982555160216
WWW,2011-01-01,FY,104470000,543897000,786575000,1248517000,0.19207680866046328,10.545898058846909
MTEX,2010-12-31,FY,-10616000,41080000,81423000,228088000,-0.2584225900681597,-75.55555502573648
AMD,2010-12-25,FY,471000000,1013000000,4964000000,6494000000,0.46495557749259625,-32.79503454374149
NOC,2010-12-31,FY,2053000000,13557000000,31421000000,21776000000,0.1514346831894962,-0.08325645222840058
HURN,2010-12-31,FY,8525000,348372000,788983000,553007000,0.024470967816012767,46.4650304764737
LNC,2010-12-31,FY,980000000,12806000000,193824000000,10407000000,0.07652662814305794,-30.169002340051392
ADM,2010-12-31,Q2,1071000000,15904000000,42610000000,37729000000,0.26936619718309857,-4.920211256616195
JLL,2010-12-31,FY,154439000,1568931000,3349861000,2925613000,0.09843581393955503,-27.001906985023588
HSY,2010-12-31,FY,509799000,902316000,4272732000,5671009000,0.5649894272073198,31.02862519609485
IVZ,2010-12-31,FY,636800000,8264600000,20444100000,3487700000,0.07705152094475232,-16.500413139967606
SYK,2010-12-31,FY,1273400000,7173600000,10895100000,7320000000,0.17751198840191815,-7.430170617838164
CECO,2010-12-31,FY,157773000,934384000,1560856000,2124236000,0.16885242041815784,-6.879192026642716
LAZ,2010-12-31,FY,194423000,652398000,3422532000,2003077000,0.29801286944472544,-33.881996706551455
SLAB,2011-01-01,FY,73242000,625430000,727658000,493341000,0.11710663063812098,-6.523148642037602
TJX,2011-01-29,FY,1343141000,3099899000,7971763000,21942193000,0.433285407040681,42.16080104296835
R,2010-12-31,FY,118170000,1404313000,6652374000,5136435000,0.0841479071973271,0.9498480353294307
CAT,2010-12-31,FY,2700000000,10864000000,64020000000,42588000000,0.24852724594992637,-3.26714186241936
EL,2010-12-31,Q2,535500000,2387000000,5981800000,4583700000,0.8973607038123167,39.18216101899218
ZBRA,2010-12-31,FY,101778000,730032000,878864000,855269000,0.13941580643040305,-5.81732772184261
PFS,2010-12-31,FY,49705000,921687000,6824528000,286534000,0.053928285849751595,-11.50032886951145
MDC,2010-12-31,FY,-64770000,983683000,2547769000,958655000,-0.06584438279405053,-38.72089000392672
FNF,2010-12-31,FY,370100000,3444400000,7887500000,5740300000,0.1074497735454651,16.447372558136724
DD,2010-12-31,FY,3052000000,9278000000,40410000000,31505000000,0.3289502047855141,-15.758635652040178
WTS,2010-12-31,FY,58800000,901500000,1646100000,1274600000,0.06522462562396007,-6.504512320825734
MASI,2011-01-01,FY,73405000,227645000,310235000,405407000,0.32245382064178874,-38.153537529041785
MRVL,2011-01-29,FY,904129000,5521869000,6338157000,3611893000,0.16373604661754923,-16.938454646290175
MAA,2010-12-31,FY,30875000,518503000,2176048000,402229000,0.05954642499657668,-1.4805519240127225
SANM,2011-01-01,Q1,28359000,700002000,3233108000,1662451000,0.1620509655686698,-23.50040787796103
MS,2010-12-31,FY,5702000000,57211000000,807698000000,7278000000,0.09966614811836884,-44.39544056039742
MSM,2010-11-27,Q1,47560000,893031000,1123459000,472827000,0.21302731932038194,3.2290127217217792
LEN,2010-11-30,FY,120459000,2608949000,8787851000,3074022000,0.0461714659811288,12.047398411224584
ATR,2010-12-31,FY,173589000,1279774000,2032718000,2076719000,0.13564035525022386,9.669956913246711
MSCI,2010-11-30,FY,92170000,1080117000,3023166000,662901000,0.08533334814654338,-5.519674081955508
GVA,2010-12-31,FY,-62448000,761031000,1535533000,943245000,-0.08205710411271026,-13.525340687368665
FHN,2010-12-31,FY,61603000,2382840000,24698952000,880286000,0.02585276392875728,-32.08828368978058
FL,2011-01-29,FY,169000000,2025000000,2896000000,5049000000,0.08345679012345679,48.04031148091413
SNPS,2010-10-31,FY,237063000,2100182000,3286541000,1380661000,0.11287736015259629,6.836934062697433
ORI,2010-12-31,FY,30100000,4121400000,15882700000,4102700000,0.007303343524045228,-31.988258401097504
BR,2010-12-31,Q2,23700000,728700000,1515000000,863700000,0.13009468917249897,2.8271724726717737
FLR,2010-12-31,FY,441082000,3496999000,7614923000,20849349000,0.1261315773896418,-24.162393027567262
BIG,2011-01-29,FY,222524000,946793000,1619599000,4952244000,0.23502919856821924,25.825727738380174
JWN,2011-01-29,FY,613000000,2021000000,7462000000,9310000000,0.3033151904997526,17.897034670391818
ABM,2011-01-31,Q1,8390000,748889000,1955839000,1029169000,0.044813049731001524,-16.22568074903434
EIX,2010-12-31,FY,1307000000,11494000000,45530000000,12409000000,0.11371150165303637,7.253894203221384
CRM,2011-01-31,FY,69697000,1276491000,3091165000,105994000,0.054600463301347206,-10.507975653523163
HXL,2010-12-31,FY,77400000,659400000,1258100000,1173600000,0.11737943585077343,33.830839581332235
UDR,2010-12-31,FY,-106588000,1610030000,5529540000,646596000,-0.0662024931212462,6.717686619706317
TRMK,2010-12-31,FY,100636000,1149484000,9553902000,408218000,0.08754884800484392,-2.2141676074154395
NUS,2010-12-31,FY,136051000,471249000,892224000,1537259000,0.28870299990026504,60.50892044761551
TTEK,2011-01-02,Q1,22754000,796267000,1475325000,611124000,0.11430336809135629,-14.865932046645202
AMT,2010-12-31,FY,373606000,3501444000,10368014000,48962000,0.10670054983029859,16.208363731240834
TGI,2010-12-31,Q3,97556000,1444999000,4433976000,1986262000,0.27005139795944494,30.745997917254737
PCH,2010-12-31,FY,40394000,204439000,781711000,539447000,0.1975846095901467,-4.423959018313712
STLD,2010-12-31,FY,129599000,2076835000,5589934000,6060933000,0.062402164832545674,-28.142075591460497
AIV,2010-12-31,FY,-71728000,1046042000,7378566000,1144934000,-0.06857086044346211,-11.339002069594663
ASTE,2010-12-31,FY,32572000,492208000,649639000,771335000,0.06617527549328739,-0.6170958465938496
WHR,2010-12-31,FY,650000000,4226000000,15584000000,18366000000,0.15380974917179366,-46.583361719180914
NYT,2010-12-26,FY,108718000,659927000,3285741000,2393463000,0.16474246393919328,-20.429009272656266
TSN,2011-01-01,Q1,294000000,5445000000,11190000000,7615000000,0.2159779614325069,25.700361106861585
DHR,2010-12-31,FY,1793000000,13711010000,22217130000,13202602000,0.13077081848820765,-0.2755994830208519
IDCC,2010-12-31,FY,153616000,353116000,874643000,394545000,0.43502984854835236,4.634967179311662
CE,2010-12-31,Q4,377000000,926000000,8281000000,5918000000,1.6285097192224622,7.529760570056821
HUN,2010-12-31,FY,185000000,1790000000,8714000000,9250000000,0.10335195530726257,-35.93849955196856
CB,2010-12-31,FY,2174000000,15530000000,50249000000,1665000000,0.1399871216999356,12.642574693304468
GPS,2011-01-29,FY,1204000000,4080000000,7065000000,14664000000,0.2950980392156863,-1.7644013726575096
AEP,2010-12-31,Q4,1214000000,13622000000,50455000000,14427000000,0.3564821612098077,14.813790713915619
SLG,2010-12-31,FY,319156000,4879084000,11300294000,1101246000,0.06541309803233558,-1.2887036325452725
KEX,2010-12-31,FY,117382000,1156099000,1794937000,1109557000,0.10153282720597458,49.4665095987051
VLY,2010-12-31,FY,131170000,1295205000,14143826000,676812000,0.10127354357032284,-9.17133080667601
BRO,2010-12-31,FY,161752000,1506344000,2400814000,973492000,0.10738051865974838,-5.472018981066339
TRMB,2010-12-31,FY,103613000,1366156000,1866892000,1293937000,0.07584272952722822,8.690210854452056
CLX,2010-12-31,Q2,237000000,124000000,4158000000,2445000000,7.645161290322581,5.183310433896503
HRB,2011-01-31,Q3,-252451000,827683000,5802735000,1220853000,-1.2200371398228549,32.42810956468273
TBI,2010-12-31,FY,19839000,312707000,546466000,1149367000,0.06344277550550516,-22.846023952015816
HLX,2010-12-31,FY,-124153000,1260604000,3592020000,774469000,-0.09848691579592005,30.14826807171536
C,2010-12-31,FY,10883000000,165789000000,1913902000000,79516000000,0.06564367961686239,-44.376321584952706
AWK,2010-12-31,FY,267827000,4132272000,14079773000,2710677000,0.0648134972722028,25.978645539670286
ALL,2010-12-31,FY,928000000,19016000000,130874000000,31400000000,0.04880100967606226,-14.021328202716942
MTD,2010-12-31,FY,232148000,771584000,2283063000,1524083000,0.3008719724618447,-2.314661625948477
VVC,2010-12-31,FY,133700000,1438900000,4764200000,2129500000,0.09291820140385017,46.153849680748344
ALK,2010-12-31,Q4,251100000,1105400000,5016600000,3832300000,0.9086303600506604,32.45722024504098
EBAY,2010-12-31,FY,1800961000,15302179000,22003762000,9156274000,0.11769310762865864,8.98311438298144
TRV,2010-12-31,FY,3216000000,25475000000,105181000000,25112000000,0.1262414131501472,6.21073261772323
PRAA,2010-12-31,FY,73871000,490516000,995908000,372706000,0.15059855336013503,-10.21277107335457
GEN,2010-12-31,FY,-50000000,5630000000,15274000000,2270000000,-0.008880994671403197,-6.511351060281903
ARW,2010-12-31,FY,479625000,3251195000,9600538000,18744676000,0.147522680122232,9.226276926750684
CPB,2011-01-30,Q2,518000000,889000000,6580000000,4299000000,2.3307086614173227,-7.9086083885797755
SCHW,2010-12-31,FY,454000000,6226000000,92568000000,4248000000,0.07292001284934146,-34.19053286257905
RCL,2010-12-31,FY,547467000,7942502000,19694904000,6752504000,0.06892878339848073,-47.29787136646027
HAIN,2010-12-31,Q2,25362000,807179000,1282036000,549839000,0.12568215971921964,35.47672051343627
IEX,2010-12-31,FY,157100000,1375660000,2381695000,1513073000,0.11419972958434498,-5.138032659543233
FLS,2010-12-31,FY,388681000,2113033000,4459910000,4032036000,0.183944595280812,-16.69183400442501
PII,2010-12-31,FY,147138000,370991000,1061647000,1991139000,0.39660800396775125,43.50167124035948
FUL,2011-02-26,Q1,14207000,664880000,1173721000,339548000,0.08547106244735893,41.856152097915405
WEN,2011-01-02,FY,-4325000,2163174000,4732654000,3045317000,-0.001999376841622542,16.268980006042696
HR,2010-12-31,FY,8247000,839010000,2357309000,258394000,0.009829441842171131,-12.187056752045669
VRSN,2010-12-31,FY,833854000,676430000,2444006000,680578000,1.2327277027926022,9.335791927460264
NEU,2010-12-31,FY,177125000,491640000,1062741000,1786076000,0.36027377756081685,60.58198605806565
PBI,2010-12-31,Q4,310703000,-96581000,8444023000,637948000,-12.868079642993964,-23.32505921615387
CPLA,2010-12-31,FY,61179000,208586000,262558000,426123000,0.2933034815375912,-45.85461362927469
CW,2010-12-31,FY,106598000,1160103000,2242018000,1893134000,0.09188666868372894,6.415665720384306
RGA,2010-12-31,FY,574402000,5040567000,29081908000,8261730000,0.11395583076268999,-2.7183003339404936
LOW,2011-01-28,FY,2010000000,18112000000,33699000000,48815000000,0.11097614840989399,6.574256821434096
BEN,2010-12-31,Q1,490117000,8129728000,12391955000,1700313000,0.24114804332937093,-13.622873694724191
ITW,2010-12-31,FY,1527193000,9381246000,16250273000,15870376000,0.16279212803928178,-12.5280941015781
MRO,2010-12-31,FY,2568000000,23771000000,50014000000,72204000000,0.10803079382440789,32.51303032291714
CASY,2011-01-31,Q3,71853000,385169000,1534255000,4085745000,0.746197123859916,20.310654065686947
DFS,2010-11-30,FY,764788000,6456846000,60784968000,6146218000,0.11844606484342356,24.398243528135737
WSM,2011-01-30,FY,200227000,1258863000,2131762000,3504158000,0.1590538446201056,9.068317079998584
LHO,2010-12-31,FY,1770000,1443467000,2355045000,600357000,0.00122621438522668,-8.295456688266187
ZION,2010-12-31,FY,-296349000,6648279000,51034886000,2319845000,-0.044575295350872006,-32.810561311537974
LNCE,2011-01-01,FY,2531000,832588000,1462356000,979835000,0.003039918903467261,-6.832296664983092
NWL,2010-12-31,FY,292800000,1902000000,6405300000,5759200000,0.15394321766561514,-11.166120201150788
TWX,2010-12-31,FY,2578000000,32940000000,66524000000,26888000000,0.0782635094110504,12.340683220998116
FLO,2011-01-01,FY,137047000,795790000,1325489000,2573769000,0.17221503160381507,6.231340131732495
ROL,2010-12-31,FY,90002000,297970000,619014000,1136890000,0.30205054200087256,12.506332389820491
KEY,2010-12-31,FY,584000000,11117000000,91843000000,3408000000,0.05253215795628317,-13.107347731623776
MORN,2010-12-31,FY,86457000,780316000,1086302000,555351000,0.11079742053219464,12.000751153248773
KBH,2010-11-30,FY,-69368000,631878000,3109749000,1589996000,-0.1097806855120767,-39.557523819281585
STZ,2010-11-30,Q3,279700000,2719000000,8257800000,3224500000,0.4114748069143067,-10.043666344117149
BKD,2010-12-31,FY,-48901000,1059997000,4530470000,2213264000,-0.046133149433441795,-18.776275041634722
GES,2011-01-29,FY,294503000,1054876000,1685804000,2372072000,0.27918257690951354,-31.603550575503903
DDS,2011-01-29,FY,179620000,2086720000,4374166000,6120961000,0.08607767213617544,16.163136887314693
TDS,2010-12-31,FY,188982000,3813922000,7762519000,4986829000,0.04955056763090593,-29.165533118036617
RYN,2010-12-31,FY,217586000,1251582000,2363653000,1315233000,0.17384877698784418,27.4657342549205
LLY,2010-12-31,Q4,5069500000,12412800000,31001400000,23076000000,1.633636246455272,18.60730675630334
PKG,2010-12-31,FY,205435000,1009001000,2224274000,2435606000,0.20360237502242318,-2.3219828867130876
ANDE,2010-12-31,FY,64662000,451431000,1699390000,3393791000,0.14323783701163634,20.110039585223298
CAH,2010-12-31,Q2,510200000,5421400000,22849700000,49809300000,0.3764341314051721,6.003652191628637
FOSL,2011-01-01,FY,264890000,1051708000,1467573000,2030690000,0.2518664876562696,9.17594984856665
FAF,2010-12-31,FY,128956000,1980017000,5821826000,3906612000,0.06512873374319514,-15.194106879828414
PWR,2010-12-31,FY,155557000,3365555000,4341212000,3931218000,0.04622031136023628,8.13253430235325
CFR,2010-12-31,FY,208764000,2061680000,17617092000,617339000,0.10125916728105235,-13.432590359862893
IBM,2010-12-31,FY,14833000000,23046000000,113452000000,56868000000,0.6436257918944719,25.29300151417784
AON,2010-12-31,FY,732000000,8306000000,28982000000,8512000000,0.0881290633277149,1.7170200920385914
L,2010-12-31,FY,1987000000,18450000000,76277000000,14615000000,0.10769647696476965,-3.2382377961304596
OLN,2010-12-31,FY,64800000,830300000,2048700000,1585900000,0.07804408045284837,-4.239770077121205
NWN,2010-12-31,FY,72667000,693101000,2616616000,812106000,0.10484330566540807,3.141809868991791
JOE,2010-12-31,FY,-35905000,872124000,1051695000,99540000,-0.04116960432232114,-32.90618035940733
DRQ,2010-12-31,FY,102226000,828014000,948551000,486050000,0.12345926518150659,-15.311375886480267
BKH,2010-12-31,Q4,68685000,1100270000,3711509000,1307251000,0.24970234578785208,11.933339436848959
CRK,2010-12-31,FY,-19586000,1068531000,1964214000,349141000,-0.01832983788022996,-37.703584610045375
CTAS,2010-11-30,Q2,117143000,2395113000,3928295000,1860470000,0.19563669856077773,8.59812798901139
AN,2010-12-31,FY,226600000,2078900000,5974200000,12461000000,0.10899995189763817,30.744673526177547
THG,2010-12-31,FY,154800000,2460500000,8569900000,3152200000,0.06291404186141028,-25.192637307868925
JKHY,2010-12-31,Q2,67816000,819147000,1397646000,422988000,0.33115423727365173,15.30017512928585
CIEN,2011-01-31,Q1,-79056000,95127000,2049644000,433308000,-3.3242297139613357,-33.726736602781024
MOS,2010-11-30,Q2,1325700000,10241200000,14199400000,4863100000,0.5177908838807952,-25.905659255635943
IBOC,2010-12-31,FY,130023000,1459217000,11943469000,458769000,0.08910463625355242,-8.437346361073176
ACOR,2010-12-31,FY,-11769445,151260592,342101444,181544500,-0.07780906344727251,-12.545851934142036
ONB,2010-12-31,FY,38214000,878805000,7263892000,296848000,0.04348404936248656,-2.018508981181496
RHI,2010-12-31,FY,66069000,834371000,1273984000,3175093000,0.07918419983436625,-6.99346820365721
NUE,2010-12-31,FY,206323000,7120070000,13921910000,15844627000,0.02897766454543284,-9.698767753533295
TFX,2010-12-31,FY,202455000,1787278000,3643155000,1801705000,0.11327560681662283,13.900760734693234
ESS,2010-12-31,FY,50782000,1149946000,3732887000,415732000,0.044160334485271485,23.016978642237643
ADBE,2010-12-03,FY,774680000,5192387000,8141148000,3159161000,0.14919535080878987,-6.966365208703479
MCY,2010-12-31,FY,152198000,1794815000,4203364000,143814000,0.08479871184495338,6.068357852143534
WCC,2010-12-31,FY,115477000,1148594000,2826774000,5063862000,0.10053770087602756,0.3977255445209495
IPG,2010-12-31,FY,281200000,2529000000,13070800000,6531900000,0.11119019375247133,-8.380417635719215
TXN,2010-12-31,FY,3228000000,10437000000,13401000000,13966000000,0.30928427709111816,-10.430767352764423
NBTB,2010-12-31,FY,57404000,533572000,5338856000,255738000,0.10758435600068969,-8.36439126157885
SATS,2010-12-31,FY,204358000,3013190000,3842020000,347765000,0.06782114635983791,-16.13936769745457
MU,2010-12-02,Q1,172000000,9994000000,14617000000,2252000000,0.06884130478286972,-25.53729481533923
DLTR,2011-01-29,FY,397300000,1459000000,2380500000,5882400000,0.2723098012337217,67.33886185366225
AMSC,2010-12-31,Q3,35161000,499971000,640441000,312932000,0.2813043156503077,-87.0933884877104
VTR,2010-12-31,FY,246167000,2390205000,5758021000,1016867000,0.10298991090722344,5.049541440909276
LULU,2011-01-30,FY,121847000,390389000,499302000,711704000,0.31211688853937997,86.7210322121967
ATI,2010-12-31,FY,78700000,2040800000,4493600000,4047800000,0.03856330850646805,-13.374412880209796
COO,2011-01-31,Q1,45295000,1722299000,2571938000,293229000,0.10519660059025755,26.770146927049804
PNC,2010-12-31,FY,3397000000,30242000000,264284000000,11150000000,0.11232722703524899,-5.02306157846038
O,2010-12-31,FY,130784000,1846965000,3535590000,345009000,0.07081022109244084,2.222224780225915
CVG,2010-12-31,FY,-53200000,1184100000,2125300000,2203400000,-0.04492863778397095,15.097151660163496
BOH,2010-12-31,FY,183942000,1011133000,13126787000,465251000,0.18191672114350932,-5.761485826633844
AA,2010-12-31,FY,392000000,13611000000,39293000000,21013000000,0.028800235103960032,-43.794672816585305
PEP,2010-12-25,FY,6338000000,21273000000,68153000000,57838000000,0.29793635124336015,1.7578745919696597
MA,2010-12-31,FY,1847000000,5205000000,8837000000,5539000000,0.3548511047070125,66.35581929864786
SON,2010-12-31,FY,201474000,1491791000,3281014000,4124121000,0.1350551116074571,-2.1086995042592735
OII,2010-12-31,FY,200531000,1390215000,2030506000,1917045000,0.14424459526044534,25.302194184107048
GBCI,2010-12-31,FY,42330000,838204000,6759287000,288402000,0.05050083273284308,-20.383851712034783
LMT,2010-12-31,FY,2926000000,3708000000,35067000000,36448000000,0.7891046386192018,15.720207821596805
HBI,2011-01-01,FY,211293000,562674000,3790002000,4326713000,0.3755158404333593,-14.642717339429698
WST,2010-12-31,FY,65300000,625700000,1294300000,1104700000,0.10436311331308934,-7.888349368487065
APA,2010-12-31,FY,3032000000,24377000000,43425000000,12092000000,0.12437953808918242,-24.029187888312528
EPR,2010-12-31,FY,113055000,1603239000,2923420000,313064000,0.07051662291149355,-5.491893871410473
BECN,2010-12-31,Q1,10052000,484261000,1040565000,404793000,0.08302960593564214,13.206483448067766
SYNA,2010-12-31,Q2,36377000,310754000,453888000,312766000,0.46824176036350296,2.6208321298794095
VRTX,2010-12-31,FY,-754626000,503973000,1725446000,143370000,-1.4973540249180015,-5.195545984146191
ALGN,2010-12-31,FY,74253000,377747000,476943000,366955000,0.1965680733400927,21.443185416534078
DVN,2010-12-31,FY,4550000000,19253000000,32927000000,9940000000,0.2363268062120189,-21.029170407590016
DOV,2010-12-31,FY,700104000,4526562000,8562894000,7132648000,0.15466572643874094,-0.6843476766595966
LBTYA,2010-12-31,FY,564000000,3457700000,33328800000,9016900000,0.16311420886716604,15.969472194847235
BRKL,2010-12-31,FY,27641000,495443000,2720542000,130109000,0.055790474383531505,-22.211988169165117
SCI,2010-12-31,FY,127001000,1479456000,9190540000,2190552000,0.08584303960374624,29.090904467033617
WPZ,2010-12-31,FY,1101000000,5076000000,13396000000,5715000000,0.21690307328605202,0.7994388579207623
LH,2010-12-31,FY,571600000,2466300000,6187800000,5003900000,0.23176418116206463,-2.217921529986975
DIS,2011-01-01,Q1,1334000000,39739000000,70950000000,10716000000,0.13427615189108935,-0.846112367547194
STE,2010-12-31,Q3,12266000,750655000,1352391000,486986000,0.06536158421645097,-18.21173767521085
SSD,2010-12-31,FY,28586000,787793000,874709000,555487000,0.03628618177617724,8.896797196944146
ALNY,2010-12-31,FY,-43515000,158233000,393265000,100041000,-0.2750058458096604,-17.342800179399106
TPX,2010-12-31,FY,157145000,126033000,716003000,1105421000,1.2468559821634015,31.128299996314805
GEF,2011-01-31,Q1,41441000,1268718000,3527770000,943792000,0.13065472390239596,-22.98175739747252
AXS,2010-12-31,FY,856723000,5624970000,16445731000,3551473000,0.15230712341576932,-10.925311780790576
FNB,2010-12-31,FY,74652000,1066124000,8959915000,373721000,0.07002187362820834,15.173123941926475
AVY,2011-01-01,FY,316900000,1645700000,5099400000,6512700000,0.19256243543780763,-31.436770141655394
BMY,2010-12-31,FY,4513000000,15713000000,31076000000,19484000000,0.28721440845160057,33.081579636200615
FIS,2010-12-31,FY,357900000,6403200000,14161800000,5269500000,0.05589392803598201,-2.9207712847299017
UMBF,2010-12-31,FY,91002000,1060860000,12404932000,346507000,0.08578134720886828,-10.11100088214877
SBAC,2010-12-31,FY,-194421000,317110000,3400175000,91175000,-0.613102708839204,4.9340511126588975
ABT,2010-12-31,FY,4626172000,22388135000,59462266000,35166721000,0.20663498768432476,17.365892563369346
CMA,2010-12-31,FY,277000000,5793000000,53667000000,1853000000,0.04781633005351286,-38.92045877873881
VMI,2010-12-25,FY,100413000,915892000,2090743000,1975505000,0.10963410533119626,6.178624729276731
BCO,2010-12-31,CY,72800000,516200000,2270500000,3121500000,0.5641224331654398,0.0
PHM,2010-12-31,FY,-1096729000,2135167000,7699376000,121663000,-0.5136502203340535,-16.090426079999705
MFA,2010-12-31,FY,269762000,2250447000,8687407000,391338000,0.11987040796783928,-17.64705985475166
WERN,2010-12-31,FY,80039000,668975000,1151552000,1815020000,0.11964423184722897,6.63716802956289
REGN,2010-12-31,FY,-104468000,527815000,1089432000,6945000,-0.1979254094711215,68.83946760168381
OGE,2010-12-31,FY,300400000,2289600000,7669100000,3716900000,0.13120195667365478,24.527883057500738
WM,2010-12-31,FY,1002000000,6260000000,21476000000,12515000000,0.16006389776357827,-11.282885728034529
MTG,2010-12-31,FY,-363735000,1669055000,9333642000,1520525000,-0.217928708161205,-63.39548407583761
XRAY,2010-12-31,FY,267335000,1839386000,3257951000,2221014000,0.14533925994870028,2.3997762758639167
HP,2010-12-31,Q1,104150000,2963342000,4465619000,594642000,0.14058451572582578,20.379540349433512
IGT,2010-12-31,Q1,73700000,1301600000,3912600000,260600000,0.22649047326367547,-2.7699251346815594
KMT,2010-12-31,Q2,78390000,1476427000,2394993000,1094926000,0.2123775845334717,-7.450579561381342
PXD,2010-12-31,FY,645995000,4120583000,9679102000,1803257000,0.15677271881187688,3.063814410803265
CVX,2010-12-31,FY,19024000000,105081000000,184769000000,198198000000,0.18104129195572938,16.602741398223458
TECH,2010-12-31,Q2,52907000,541936000,555608000,135653000,0.39050367571078504,3.943968386632213
CHRW,2010-12-31,FY,387026000,1204068000,1995699000,1643174000,0.32143201214549344,-12.981672708784146
ESRX,2010-12-31,FY,1181200000,3606600000,10557800000,44973200000,0.3275106748738424,-17.317300171086174
MKL,2010-12-31,FY,267729000,3171523000,10825589000,2225393000,0.0844165405705713,9.663345429635003
CDNS,2011-01-01,FY,126538000,276654000,1732116000,471598000,0.45738720567929614,24.55088794498613
LII,2010-12-31,FY,116200000,589700000,1692000000,3096400000,0.1970493471256571,-28.63184743792546
ITRI,2010-12-31,FY,104770000,1428295000,2745797000,2259271000,0.07335319384300862,-35.49143378610935
IPCC,2010-12-31,FY,91523000,661184000,1852357000,961276000,0.13842288984609427,-8.1876984159562
LANC,2010-12-31,Q2,57630000,500513000,598552000,581289000,0.4605674577883092,21.22376820459208
ASH,2010-12-31,Q1,87000000,3877000000,9349000000,1433000000,0.08976012380706733,12.386943070635095
FMC,2010-12-31,FY,184900000,1131500000,3319900000,3116300000,0.16341140079540434,7.698091011022787
GE,2010-12-31,FY,12179000000,118936000000,751216000000,60812000000,0.10239960987421806,-2.0776420870588233
EMR,2010-12-31,Q1,491000000,10170000000,22703000000,5535000000,0.19311701081612587,-18.506206673458433
WFC,2010-12-31,FY,12362000000,126408000000,1258128000000,52796000000,0.09779444338965888,-11.068087546010402
SCSC,2010-12-31,Q2,37328000,535649000,953479000,1318175000,0.27874970363054913,12.852665926328388
AET,2010-12-31,FY,1766800000,9890800000,37739400000,34246000000,0.17863064666154407,38.2825247794343
GME,2011-01-29,FY,406800000,2897300000,5063800000,9473700000,0.14040658544161805,15.424774784398087
PNR,2010-12-31,FY,197828000,2205032000,3973533000,3030773000,0.08971661182241346,-8.819501591660435
HOLX,2010-12-25,Q1,10940000,2754016000,5665579000,358603000,0.015889522791443476,-8.2714810329051
EFX,2010-12-31,FY,266700000,1691400000,3433600000,1859500000,0.15768002837885775,8.820234098123018
CSCO,2011-01-29,Q2,3451000000,45641000000,81981000000,16936000000,0.3024473609254837,-7.517731353502411
AIG,2010-12-31,FY,10013000000,85319000000,683443000000,77301000000,0.11735955648800385,-59.736200636926014
WTFC,2010-12-31,FY,63329000,1436549000,13980156000,593107000,0.04408412104286036,-15.077201714454134
QCOM,2010-12-26,Q1,1170000000,22736000000,31291000000,3348000000,0.20584095707248418,10.11892843378882
ROST,2011-01-29,FY,554797000,1332692000,3116204000,7866100000,0.4162979893328691,56.717799214453166
NTRS,2010-12-31,FY,669500000,6830300000,83843900000,1296700000,0.0980191206828397,-28.42447219522162
MWA,2010-12-31,Q1,-12100000,395800000,1513600000,287600000,-0.12228398180899444,-41.48681024991755
PG,2010-12-31,Q2,6414000000,64713000000,134273000000,41469000000,0.3964582077789625,3.6996691833903355
DECK,2010-12-31,FY,160377000,655675000,808994000,1000989000,0.24459831471384452,-5.22949370536663
FRT,2010-12-31,FY,128237000,1149833000,3159553000,544674000,0.11152663038893475,16.450660393456676
FELE,2011-01-01,FY,39972000,417849000,779914000,713792000,0.09566135134941091,10.670733480209513
AGO,2010-12-31,FY,548913000,3798764000,20471512000,1401301000,0.14449778928093454,-25.762713124648567
HAS,2010-12-26,FY,397752000,1615420000,4093226000,4002161000,0.2462220351363732,-33.147801634162576
VZ,2010-12-31,FY,10217000000,86912000000,220005000000,106565000000,0.11755568851251841,12.129682226538012
INTC,2010-12-25,FY,11464000000,49430000000,63186000000,43623000000,0.23192393283431115,17.08253090151876
CVS,2010-12-31,FY,3424000000,37700000000,62169000000,96413000000,0.09082228116710875,17.285010763326728
SWKS,2010-12-31,Q1,60868000,1411407000,1614076000,335120000,0.17250304129142055,-43.346141149798825
ICE,2010-12-31,FY,407767000,2777550000,26642259000,1149944000,0.14680815826897806,1.174992394217188
AJG,2010-12-31,FY,174100000,1106700000,3596000000,1864200000,0.1573145387187133,14.99311800014364
AVT,2011-01-01,Q2,279208000,3442200000,9903589000,12949883000,0.3244529661263146,-6.664668655592402
WBS,2010-12-31,FY,74318000,1773422000,18038068000,706186000,0.041906551288976905,3.5025309643999685
HAL,2010-12-31,FY,1842000000,10387000000,18297000000,17973000000,0.17733705593530374,-15.478822498397696
MKC,2010-11-30,FY,370200000,1462700000,3419700000,3336800000,0.2530935940384221,8.702572090716815
OI,2010-12-31,FY,-5000000,1815000000,9754000000,6633000000,-0.0027548209366391185,-36.872968471838526
RF,2010-12-31,FY,-539000000,16734000000,132351000000,4689000000,-0.03220987211664874,-38.57142584664481
CI,2010-12-31,FY,1349000000,6645000000,45682000000,1420000000,0.20300978179082016,14.566285255903649
SEIC,2010-12-31,FY,233320000,1041570000,1377223000,900835000,0.22400798794128096,-27.07019876512209
UGI,2010-12-31,Q1,113100000,2209800000,6807800000,1765600000,0.2047244094488189,-6.903101193059256
PRGS,2010-11-30,FY,48571000,688332000,936823000,336552000,0.07056333281032989,-25.0
EQIX,2010-12-31,FY,36881000,1880515000,4448009000,1220334000,0.01961218070581729,24.78464048756017
NOV,2010-12-31,FY,1659000000,15748000000,23050000000,12156000000,0.10534671069342139,1.1003701513839332
GIS,2011-02-27,Q3,1482400000,5866200000,18281500000,11245900000,1.010807677883468,2.71944575344278
SHW,2010-12-31,FY,462485000,1609440000,5169235000,7776424000,0.2873577144845412,6.59103819019656
CPWR,2010-12-31,Q3,72636000,938275000,1971836000,679379000,0.30965761637046707,-90.00000844096657
FFIV,2010-12-31,Q1,55663000,1075099000,1475837000,171492000,0.2070990671556759,-18.4695760903129
MET,2010-12-31,FY,2786000000,48625000000,730906000000,52717000000,0.057295629820051416,-29.837980660231896
GEO,2011-01-02,FY,62790000,1039490000,2423776000,1269968000,0.0604046214970803,-31.855167294760893
IT,2010-12-31,FY,96285000,187056000,1285658000,1288454000,0.5147389017192713,4.728914634775492
SO,2010-12-31,FY,2040000000,16909000000,55032000000,17456000000,0.12064580992370927,21.08292301805121
NDAQ,2010-12-31,FY,389000000,4718000000,16207000000,3197000000,0.0824501907587961,3.286981465200653
CNP,2010-12-31,FY,442000000,3198000000,20111000000,8785000000,0.13821138211382114,27.798980988090292
EEFT,2010-12-31,FY,-37917000,518877000,1409372000,1038269000,-0.07307512184968692,5.963296882633427
DAR,2011-01-01,FY,44243000,464296000,1382258000,724909000,0.09529050433344245,-0.07518968976257884
SNPS,2011-01-31,Q1,48226000,2157873000,3213288000,364644000,0.08939543708086621,7.150757810796775
AYI,2010-11-30,Q1,24400000,722700000,1521400000,425000000,0.1350491213504912,-13.405126511111634
KLAC,2010-12-31,Q2,339688000,2466234000,4168461000,1178466000,0.5509420436179211,24.870602386515717
CME,2010-12-31,FY,952100000,20060100000,35046100000,3003700000,0.047462375561437876,-24.26728466937452
HEI,2011-01-31,Q1,22523000,488918000,825500000,174219000,0.1842681185802118,30.97627932107204
ENS,2011-01-02,Q3,83335000,903285000,1770439000,1416408000,0.3690308153019258,-20.799028398145957
HE,2010-12-31,FY,115425000,1483637000,9085344000,2664982000,0.07779867986576232,16.191305302646587
PEG,2010-12-31,FY,1564000000,9633000000,29909000000,11793000000,0.1623585591196927,3.772395082482187
AMKR,2010-12-31,FY,231971000,630013000,2736822000,2939483000,0.3682003387231692,-41.160590778728505
MYGN,2010-12-31,Q2,46729000,561101000,593609000,192298000,0.3331236265841622,-8.318737328532782
KALU,2010-12-31,Q4,14100000,912200000,1342400000,1079100000,0.061828546371409776,-8.40486937841454
