Symbol,EndDate,Quarter,NetIncome,StockholdersEquity,TotalAssets,NetSales,ROE,Percent_Growth
MTRX,2012-12-31,Q2,10120000,222380000,376074000,431044000,0.1820307581617052,107.21739064092222
AMNB,2012-12-31,FY,16006000,163246000,1283687000,57806000,0.09804834421670362,30.262498966734764
SCHW,2012-12-31,FY,928000000,9589000000,133637000000,4883000000,0.09677755761810408,78.13370846294991
SMCI,2012-12-31,Q2,5813000,351252000,583567000,562194000,0.06619748784348559,66.8627527061678
CIZN,2012-12-31,FY,6783999,88868830,880839898,34387813,0.07633721519682435,-6.992290781514743
PAYX,2013-02-28,Q3,445500000,1605900000,7507500000,1709900000,1.1096581356248831,25.49078366392506
EIG,2012-12-31,FY,106891000,539381000,3511339000,579182000,0.19817346180158366,54.37318063916939
CEVA,2012-12-31,FY,13685000,196068000,216333000,53677000,0.06979721321174287,-4.8888917953249
STRL,2012-12-31,FY,17712000,210148000,331510000,630507000,0.0842834573728991,18.108654594786742
PSX,2012-12-31,FY,4131000000,20775000000,48073000000,179460000000,0.19884476534296028,40.715637227595764
FRBK,2012-12-31,FY,3614000,69902000,988658000,38260000,0.05170095276243884,42.51208419424135
SBUX,2012-12-30,Q1,432400000,5169300000,8490100000,2989600000,0.3345907569690287,46.503819000549335
LAD,2012-12-31,FY,80362000,428101000,1492702000,3316487000,0.18771738444899685,85.22180905961082
PDM,2012-12-31,FY,93204000,2638886000,4254875000,536382000,0.035319449191818064,-7.091406279224439
EPR,2012-12-31,FY,121664000,1459521000,2946730000,321786000,0.08335885540530077,7.503793187319752
ARWR,2012-12-31,Q1,-158433732,8974780,15231131,4297850,-70.6128649393077,399.99996657683636
SYNA,2012-12-31,Q2,17167000,402108000,544407000,270081000,0.17077004187929612,73.34001319042665
HNNA,2012-12-31,Q1,768000,25924000,50563000,4703000,0.11850023144576455,167.6537194801509
BANF,2012-12-31,FY,51900000,519567000,6022250000,182587000,0.09989087066730566,32.50708276524123
HURN,2012-12-31,FY,36428000,445321000,787850000,625961000,0.08180166666292404,83.70436898914821
CVG,2012-12-31,FY,100600000,1371900000,2037900000,2005000000,0.07332895983672279,15.165167664744988
BECN,2012-12-31,Q1,18206000,684198000,1287028000,513710000,0.10643702553939065,22.29567985518822
BANC,2012-12-31,FY,5996000,188757000,1682702000,55031000,0.03176570935117638,7.579456534681878
CRM,2013-01-31,FY,-270445000,2317633000,5528956000,181387000,-0.11669017484649209,41.683610041635674
HALO,2012-12-31,FY,-53552002,48853719,134728397,2887442,-1.0961704266567711,126.82563607305059
V,2012-12-31,Q1,1293000000,27588000000,35859000000,2846000000,0.18747281426707263,45.73822469558173
AZO,2013-02-09,Q2,379698000,-1550109000,6662188000,3846238000,-0.979796904604773,38.72232411119923
FNB,2012-12-31,FY,110410000,1402069000,12023976000,431906000,0.07874790755661812,19.209039395819477
KMG,2013-01-31,Q2,5760000,114343000,172262000,122295000,0.20149899862693824,-20.767261505800583
TWIN,2012-12-28,Q2,4685000,140177000,299576000,141118000,0.13368812287322457,55.07075858947962
ROK,2012-12-31,Q1,161400000,1967800000,5711100000,1334200000,0.32808212216688687,40.13573037488315
JKHY,2012-12-31,Q2,82981000,1046563000,1569508000,494895000,0.31715625337413994,50.05094846145557
AWR,2012-12-31,FY,54148000,454579000,1280943000,123977000,0.11911680917948256,20.25844375456215
CIX,2012-12-31,FY,34961000,102060000,150183000,83196000,0.34255339996080736,-10.139858670803434
TLCO,2012-12-31,Q1,-1090569,-5631606,6110197,205336,0.7746060360046495,-50.0
CGA,2012-12-31,Q2,17102728,262044698,314614671,81243732,0.26106581252027466,12.804880176251416
ACCA,2012-03-31,Q1,22116,-144852,1024241,0,-0.6107199072156408,-98.70833340576954
AME,2012-12-31,FY,459132000,2535151000,5190056000,3334213000,0.18110637196758694,39.79238989719507
ELST,2012-12-31,FY,24122,2941823,2993724,2113816,0.008199677546881645,63.999998569488525
PROV,2012-12-31,Q2,15670000,155856000,1248330000,23464000,0.4021661020429114,-14.285714285714285
UNF,2012-11-24,Q1,30760000,929808000,1301256000,332569000,0.13232839467933163,38.95553855827161
CVI,2012-12-31,FY,412591000,1525155000,3610895000,8567327000,0.2705239795299494,-13.609344671144017
UCI,2012-12-31,FY,-6934000,269927000,1258117000,568277000,-0.025688426870968818,-7.252948414345648
CNP,2012-12-31,FY,417000000,4301000000,22871000000,7452000000,0.09695419669844223,20.051951222605517
AKR,2012-12-31,FY,89936000,622797000,1908440000,134425000,0.14440660439918626,-0.11961996306527353
NTGR,2012-12-31,FY,86539000,754611000,1034569000,1271921000,0.11468027897817551,-16.079134819752685
AOSL,2012-12-31,Q2,11660000,295351000,376700000,185209000,0.15791380425324444,-4.523799738375334
OKE,2012-12-31,FY,743530000,2129609000,15855275000,12632559000,0.34913920818328625,43.36841201916207
RJF,2012-12-31,Q1,93894000,3379801000,22275971000,1137509000,0.11112370225347587,33.99947472420236
ABAX,2012-12-31,Q3,20761000,165698000,196106000,136074000,0.5011768397928762,8.194072885603703
HCKT,2012-12-28,FY,16697000,94726000,153921000,209278000,0.1762662838080358,55.250000953674316
TTI,2012-12-31,FY,18757000,551120000,1261818000,276155000,0.03403433009145014,62.18709054201369
VBFC,2012-12-31,FY,-10399000,24964801,510087372,23699263,-0.4165464807830834,50.52631215705762
OMER,2012-12-31,FY,-38444000,-6531000,26575000,6022000,5.886387995712755,115.02889642334466
PPBN,2012-12-31,FY,1338000,28089000,348694000,15573000,0.04763430524404571,81.70878001190543
SXT,2012-12-31,FY,123908000,1153898000,1776643000,1459050000,0.10738210829726717,35.85489175367827
CSGS,2012-12-31,FY,48879000,326639000,846941000,756866000,0.1496422656204556,61.881187080052825
INUV,2012-12-31,FY,-7022845,4206352,29129603,53362945,-1.669580910014188,37.63440446724632
ANNO,2012-09-30,FY,-2086393,14270491,27006053,89378,-0.14620330863177727,-50.0
EXC,2012-12-31,Q4,1171000000,21431000000,78554000000,23489000000,0.21856189631841724,-7.599190647797367
RRC,2012-12-31,FY,13002000,2357392000,6728735000,1457704000,0.00551541703713256,33.10519626959897
CZWI,2012-12-31,Q1,260000,55266000,534533000,6370000,0.018818079832084826,24.666666984558105
OI,2012-12-31,FY,218000000,1055000000,8598000000,7000000000,0.2066350710900474,67.1838298447775
EL,2012-12-31,Q2,749000000,3110200000,7170100000,5482500000,0.963282104044756,25.359171651178887
FE,2012-12-31,FY,771000000,13084000000,50406000000,15303000000,0.058926933659431364,-21.527773527552828
EWBC,2012-12-31,FY,281650000,2382122000,22536110000,1051095000,0.11823491827874474,62.726857111006716
CBRL,2013-02-01,Q2,58360000,434293000,1445601000,1330122000,0.5375172982295363,51.16030860493201
ANIK,2012-12-31,FY,11757460,108925134,142069051,68010169,0.10794074396089336,276.2575765062226
SUPN,2012-12-31,FY,-46284000,57570000,93989000,1480000,-0.803960396039604,8.089259658778792
CBT,2012-12-31,Q1,24000000,1838000000,4376000000,820000000,0.05223068552774755,29.379236887997077
CAAS,2012-12-31,FY,25486000,193554000,485825000,308563000,0.13167384812507105,62.76150352136245
LYTS,2012-12-31,Q2,-620000,142184000,167778000,145801000,-0.017442187587914253,24.393723000202165
MS,2012-12-31,FY,716000000,62109000000,780960000000,5725000000,0.011528119918208311,61.34936729797044
ADTN,2012-12-31,FY,47263000,692406000,886381000,620614000,0.06825908498770952,37.51279212009307
ATRC,2012-12-31,FY,-7534000,12500000,32431000,70247000,-0.60272,169.8550808968049
HEI,2013-01-31,Q1,24984000,526602000,1192521000,216490000,0.18977520024610617,49.443341772588525
SEM,2012-12-31,FY,153893000,881317000,2760313000,2948969000,0.17461707875826746,23.966057285990637
MRO,2012-12-31,FY,1582000000,18283000000,35306000000,15630000000,0.08652846906962752,14.807569922119706
SATS,2012-12-31,FY,211013000,3140890000,6600233000,621495000,0.06718255016890116,45.382817409744696
COP,2012-12-31,FY,8498000000,47987000000,117144000000,57967000000,0.17708962844103612,20.555270975390894
CVCO,2012-12-29,Q3,7320000,175073000,436395000,343468000,0.16724452085701394,39.19567893559718
MNAP,2012-12-31,FY,-11778750,30968757,32060813,0,-0.3803430018195435,-44.444445824181535
RS,2012-12-31,FY,408300000,3558400000,5857700000,8442300000,0.1147425809352518,21.352660969478613
CRYO,2012-09-30,FY,-2364259,-24258,459699,21364,97.46306373155248,0.0
GM,2012-12-31,Q4,6136000000,36244000000,149422000000,150295000000,0.6771879483500718,41.13769939087237
CSGP,2012-12-31,FY,9915000,826343000,1165139000,349936000,0.011998649471224419,103.92749044831761
AWRE,2012-12-31,FY,72307000,81896000,85854000,3033000,0.882912474357722,10.583940176776064
PLOW,2012-12-31,FY,6012000,153732000,338371000,140033000,0.03910701740691593,17.651145943381703
CASY,2013-01-31,Q3,87353000,583486000,1934460000,5442311000,0.5988352762534148,25.835927868834634
ESRX,2012-12-31,FY,1312900000,23395700000,58111200000,93858100000,0.05611714973264318,29.981486002604168
DIS,2012-12-29,Q1,1438000000,41016000000,80642000000,11341000000,0.1402379559196411,49.327168320927974
UCBI,2012-12-31,FY,33856000,581405000,6802259000,221680000,0.05823135335953423,88.24153864043012
AMZN,2012-12-31,FY,-39000000,8192000000,32555000000,51733000000,-0.0047607421875,56.80233574369225
BOOM,2012-12-31,FY,11694000,162472000,235431000,201567000,0.0719754788517406,57.62590250868496
NOC,2012-12-31,FY,1978000000,9514000000,26543000000,13838000000,0.20790414126550347,68.58537617384633
OSBC,2012-12-31,FY,-72000,72552000,2045799000,75081000,-0.0009923916639100231,277.0491636686834
MATR,2012-12-31,FY,-15221000,4785000,31362000,33452000,-3.18098223615465,-3.0181011038732706
LKFN,2012-12-31,FY,35394000,297739000,3064144000,114369000,0.11887592824587978,50.928786108095515
GFF,2012-12-31,Q1,558000,656203000,1760846000,423749000,0.0034013864612017926,15.445021799280518
IBM,2012-12-31,FY,16604000000,18860000000,119213000000,59453000000,0.8803817603393426,-2.68337133181095
CTAS,2012-11-30,Q2,154760000,2080644000,4217882000,2111711000,0.29752326683469155,33.92857586686559
HOV,2013-01-31,Q1,-11308000,-481466000,1580310000,11659000,0.09394640535364907,2.9772329246935203
MTG,2012-12-31,FY,-927079000,196940000,5574324000,1378364000,-4.70741850309739,213.90977864807525
WSBC,2012-12-31,FY,49544000,714184000,6078717000,211686000,0.0693714784985382,44.194428018145395
PMD,2012-12-31,FY,2979629,11222669,14120618,25223534,0.2655009249582252,35.06977170012718
XOM,2012-12-31,FY,47681000000,165863000000,333795000000,482295000000,0.2874721909045417,15.898317760436493
BMRN,2012-12-31,FY,-114347000,1015763000,1601643000,496497000,-0.11257251937705941,40.89430613797961
FINL,2012-12-01,Q3,35708000,513040000,709785000,1000683000,0.27840324341181977,27.461393448938427
DGICA,2012-12-31,FY,23092620,400034094,1336889187,514982585,0.057726629670720016,13.675214255773685
ANCX,2012-12-31,FY,17723000,91267000,863914000,36716000,0.19418847995441946,19.769228421724762
NTAP,2013-01-25,Q3,331500000,4625000000,10865900000,2954500000,0.2867027027027027,21.60441833730702
HBAN,2012-12-31,FY,641022000,5790211000,56153185000,1930263000,0.11070788266610664,49.921754677201754
FEIM,2013-01-31,Q3,3729000,82446000,108280000,51391000,0.18091841932901537,31.917203203680728
FUNC,2012-12-31,FY,4663000,98905000,1320783000,53111000,0.047146251453414896,5.578801828607303
IPGP,2012-12-31,FY,147744000,742927000,895498000,562528000,0.19886745265685593,15.453856243895197
SFNC,2012-12-31,FY,27684000,406062000,3527489000,129134000,0.06817678088567755,46.84542895186682
JAKK,2012-12-31,FY,-104800000,207220000,554825000,666762000,-0.50574268892964,-47.204472775309334
KNX,2012-12-31,FY,64763000,490232000,782512000,936036000,0.13210683921082264,25.837318546840237
L,2012-12-31,FY,1110000000,19459000000,80021000000,14552000000,0.057043013515596895,17.693249287049465
SRDX,2012-12-31,Q1,4248000,98702000,107816000,5353000,0.17215456627018702,9.66010638842352
EACO,2012-11-30,Q1,383000,15357000,45669000,29119000,0.09975906752620954,51.06383388859501
MNKD,2012-12-31,FY,-2104912000,-110679000,251314000,3166000,19.0181696618148,130.7359236228262
TXHG,2012-12-31,Q1,-87247,-1537636,1876898,776246,0.2269639888764311,249.99999689559135
FIX,2012-12-31,FY,11849000,270405000,580754000,1331185000,0.04381945600118341,59.046055882178564
SODI,2012-11-30,Q3,745000,10704000,12116000,5999000,0.27840059790732435,20.895531523278407
MLM,2012-12-31,FY,84474000,1410545000,3160926000,1838723000,0.059887490296303914,6.24734775764744
DLB,2012-12-28,Q1,51477000,1327777000,1551950000,25498000,0.15507724565194306,32.436168648584896
LNC,2012-12-31,FY,1313000000,14973000000,218869000000,11532000000,0.08769117745274828,98.1467198868493
WCC,2012-12-31,FY,201759000,1553797000,4629629000,6579301000,0.1298490085899252,35.13273370041474
KRNY,2012-12-31,Q2,2837000,491787000,2897607000,45008000,0.023075030450174568,18.666675758062038
QCOM,2012-12-30,Q1,1903000000,35334000000,44841000000,6018000000,0.21542989754910286,19.30165264079908
BZIC,2012-09-30,Q1,-552107,-802648,583318,103124,2.7514277740678357,0.0
CATY,2012-12-31,FY,117438000,1621057000,10694089000,429744000,0.07244532425448334,37.839217254619314
PW,2012-12-31,FY,-321739,9354405,10637183,915066,-0.03439438424998704,-15.858583387069833
BRID,2013-01-25,Q1,1722000,21401000,61942000,30771000,0.3218541189664034,46.91358687873656
MMSI,2012-12-31,FY,19710000,381577000,705309000,394288000,0.05165405671725497,12.302158885438738
STKL,2012-12-29,FY,25767000,326151000,707310000,1091064000,0.0790032837550705,70.8703319718207
FET,2012-12-31,FY,151530000,1161472000,1892980000,1414933000,0.13046375633678642,14.02020695233586
SNPS,2013-01-31,Q1,69922000,2602159000,4020546000,475137000,0.10748305541667515,21.17225514895743
JOE,2012-12-31,FY,5990000,552025000,645521000,139396000,0.010850957837054481,-16.941073918271762
NX,2013-01-31,Q1,-8118000,415100000,562300000,185713000,-0.07822693326909179,-8.131656909892087
BUSE,2012-12-31,FY,22357000,408797000,3618056000,116916000,0.054689735981428435,24.30107806217478
GLDD,2012-06-30,Q2,2133000,292207000,786194000,318014000,0.02919847916032128,7.5653396448120676
RGLS,2012-12-31,FY,-17408000,62093000,103518000,12700000,-0.2803536630538064,16.349203119833003
BGFV,2012-12-30,FY,14915000,164420000,406660000,940490000,0.09071280866074687,46.488549429375176
CWI,2012-12-31,FY,-3842000,132865000,229758000,13036000,-0.028916569450193805,10.003110773764979
FTNT,2012-12-31,FY,66836000,510934000,975497000,248948000,0.1308114159558769,-10.085633329692403
COLM,2012-12-31,FY,99859000,1166167000,1458842000,1669563000,0.08563010272113686,48.08844778711816
CENT,2012-12-29,Q1,-15347000,450046000,1146072000,292497000,-0.13640383427471858,-32.73453259991365
EXP,2012-12-31,Q3,49911000,687547000,1456820000,483444000,0.29037142188097687,31.24786116119124
FFIV,2012-12-31,Q1,69493000,1386299000,2037652000,204712000,0.2005137419849542,-7.4729820094717585
CW,2012-12-31,Q4,113844000,1312592000,3114588000,2097716000,0.3469288247985665,88.54705474711918
IBOC,2012-12-31,FY,107835000,1435708000,11882673000,375639000,0.07510928406054714,46.10281969176656
NBRI,2012-12-31,FY,-2119706,-1213737,2676228,0,1.7464294159278329,-11.45833685166292
UCBA,2012-12-31,Q2,1190000,55319000,516664000,8328000,0.08604638550949945,24.834741956239956
CNSL,2012-12-31,FY,6171000,136105000,1794828000,503457000,0.045339994856911946,23.94719988989887
FSLR,2012-12-31,FY,-96338000,3605526000,6348692000,3368545000,-0.026719541060028412,80.16849440848955
BGC,2012-06-29,Q2,45100000,1379300000,4461200000,2910600000,0.130790980932357,0.3406963182717388
TFSL,2012-12-31,Q1,11153000,1820044000,11379628000,100388000,0.024511495326486613,25.675678756884523
GENC,2012-12-31,Q1,-976000,102547000,111033000,4948000,-0.038070348230567444,27.01987293267387
FORR,2012-12-31,FY,25574000,297070000,487832000,292930000,0.08608745413538897,44.104477728786115
CGHC,2012-12-31,Q2,-1292202,10360095,13498612,2244454,-0.49891511612586564,-87.764705977741
CNK,2012-12-31,FY,171420000,1094984000,3863226000,2473531000,0.15655023269746407,27.020787457486605
NANX,2012-12-31,FY,-2392574,7596870,9649658,9725064,-0.3149420748281858,47.05882198257844
CBI,2011-06-30,Q2,-1772000,2149000,63726000,1735000,-3.2982782689623082,-66.66666445908717
DWOG,2012-12-31,Q1,14295,16057035,17001051,0,0.0035610559483740304,418.987313359428
CTO,2012-12-31,FY,599202,114216668,184696900,17329830,0.005246187010113095,16.736531182868063
CPHC,2012-12-31,FY,1016364,26884938,34899512,45460647,0.037804215877306466,9.781483534231798
AKVA,2012-12-31,Q1,-484187,-6968187,2414408,210842,0.2779414501935726,28.57143313300851
RICK,2012-12-31,Q1,2700000,86879000,204207000,12655000,0.12431082309879257,45.149255368955124
VHC,2012-12-31,FY,-26924000,53944000,61313000,412000,-0.4991101883434673,-32.61611636703226
CCI,2012-12-31,FY,200888000,2938746000,16088709000,308490000,0.06835840865457579,1.4689544135241583
BKD,2012-12-31,FY,-65645000,1002717000,4665978000,2770085000,-0.06546712581914937,8.09637112605586
EHTH,2012-12-31,FY,7082000,170867000,196301000,155473000,0.04144744157736719,66.95779414988124
ASH,2012-12-31,Q1,101000000,4152000000,12376000000,1869000000,0.09730250481695568,20.084562393540654
AMKR,2012-12-31,FY,42702000,657955000,3025215000,2759546000,0.06490109505969253,43.86793004528604
MLR,2012-12-31,FY,9122000,157490000,202351000,342663000,0.057921137850022224,22.62295582255379
PCH,2012-12-31,FY,42594000,138643000,718897000,525134000,0.30722070353353576,6.922091899999786
NEU,2012-12-31,FY,239593000,402205000,1257510000,2211878000,0.595698710856404,28.611741236089888
DIOD,2012-12-31,FY,25982000,677185000,920063000,633806000,0.03836765433374927,34.75503542776332
RFIL,2013-01-31,Q1,1482488,22595745,27478596,10509231,0.2624366667264124,19.963372618543378
FCEL,2012-10-31,Q4,-35906000,14509000,191485000,94950000,-9.898959266662072,51.61290028543005
AEO,2013-02-02,FY,232108000,1221187000,1756053000,3475802000,0.190067532654704,-32.552342506577546
CAPC,2012-12-31,FY,-607183,1128203,6112959,8362964,-0.5381859470325819,55.55554451765882
GBNK,2012-12-31,FY,15059000,188200000,1886938000,69565000,0.08001594048884166,44.41025562775441
BELFB,2012-12-31,FY,2402000,215391000,275218000,286594000,0.011151812285564392,8.951406998945348
CVGI,2012-12-31,FY,50030000,66308000,439665000,857916000,0.7545092598178199,-11.08404193890235
PODD,2012-12-31,FY,-51867000,44176000,198059000,211369000,-1.1740990583122057,76.95570429839275
UWHR,2012-12-31,FY,404000,42729000,545007000,21871000,0.009454936928081631,-7.467514237910867
CRAI,2012-12-29,FY,-52843000,211276000,292010000,270390000,-0.25011359548647266,4.754671749842308
RYN,2012-12-31,FY,278685000,1438004000,3122951000,1571000000,0.19379987816445574,-17.5381055887277
ELSE,2012-12-31,FY,1086000,11249000,13338000,6498000,0.0965419148368744,6.896557830165781
GABC,2012-12-31,FY,24055000,185026000,2006300000,77160000,0.13000875552625035,33.425416475119505
COKE,2012-12-30,FY,31459000,199438000,1283474000,1614433000,0.15773824446695214,9.74436595027608
BBGI,2012-12-31,FY,11031270,83049257,259372664,100240597,0.1328280396295418,79.14111386627867
AXGN,2012-12-31,FY,-9417958,-2829441,20230563,7691704,3.328557831741323,32.962957435838256
FFIC,2012-12-31,FY,34331000,442365000,4451416000,213714000,0.07760785776451573,35.658404556349964
GVP,2012-12-31,FY,1174000,40830000,62564000,52246000,0.02875336762184668,-25.462962513270863
CGNH,2013-01-31,Q1,-233297,-392201,447049,0,2.379361602851599,44.684206745300884
WLFC,2012-12-31,FY,1535000,199553000,1078715000,148090000,0.007692192049230029,18.798039842792356
CCNE,2012-12-31,FY,17136000,145364000,1773079000,68129000,0.11788338240554745,15.384618967500199
AMPE,2012-11-30,Q2,-7588,13685,13685,0,-2.217902813299233,113.1720430107527
NS,2012-12-31,FY,-227237000,2584995000,5613089000,880097000,-0.08790616616279721,19.23258491450651
EBMT,2012-12-31,Q2,382000,53443000,508121000,6724000,0.028591209325823774,5.99033683775614
CHH,2012-12-31,Q4,120687000,-548904000,510772000,691509000,-0.8794761925582616,47.85841958289994
APA,2012-12-31,FY,2001000000,31331000000,60737000000,17078000000,0.06386645814049982,9.757966448546975
SPG,2012-12-31,FY,1719632000,5910603000,32586606000,4880084000,0.2909401967954877,-2.9666590844988994
NUS,2012-12-31,FY,221645000,590612000,1152907000,2169664000,0.37528021780796866,274.17006136978006
HSY,2012-12-31,FY,660931000,1036749000,4754839000,6644252000,0.637503387994587,35.087227789503935
WMK,2012-12-29,FY,82511000,795690000,1090440000,2701405000,0.10369741984943885,30.610166553371677
OPOF,2012-12-31,FY,4187000,89300000,907499000,32580000,0.04688689809630459,15.565613007599618
AIZ,2012-12-31,FY,483705000,5185366000,28946607000,8508270000,0.0932827113843073,90.86455879179415
RL,2012-12-29,Q3,622800000,3769700000,5489200000,5162700000,0.6608483433694989,17.375936079189373
UCBA,2012-12-31,Q2,1190000,55319000,516664000,8328000,0.08604638550949945,24.834741956239956
CHRW,2012-12-31,FY,593804000,1504372000,2804225000,1620183000,0.39471885943104495,-7.908889439190034
NDAQ,2012-12-31,FY,349000000,5208000000,9132000000,3119000000,0.06701228878648234,59.38375465588843
LVS,2012-12-31,FY,1881813000,7061842000,22163652000,11131132000,0.2664762253247807,70.25562521161199
KMI,2012-12-31,FY,315000000,24099000000,68185000000,4855000000,0.013071081787626043,2.4907931157944656
QNTO,2012-12-31,FY,981000,16837000,117375000,5836000,0.05826453643760765,47.272734208540484
SNWV,2012-12-31,FY,-6401494,-6519005,1850536,769217,0.9819740896041651,243.75001513399218
INFN,2012-12-29,FY,-85330000,356136000,528170000,378138000,-0.23959947885077612,68.50258275853663
DJCO,2012-12-31,Q1,834000,95257000,158455000,7693000,0.0350210483219081,85.84548279680817
GTLS,2012-12-31,FY,72324000,696478000,1327841000,1014152000,0.1038424760006777,37.83175109298595
MHK,2012-12-31,FY,250893000,3719617000,6303684000,5787980000,0.06745129942141892,63.00430997115555
AA,2012-12-31,FY,191000000,13199000000,40179000000,23700000000,0.014470793241912265,21.3133686064439
AFG,2012-12-31,FY,402000000,4578000000,39171000000,1312000000,0.08781127129750983,44.66092486523318
FOLD,2012-12-31,FY,-48785000,69220000,110088000,18411000,-0.7047818549552153,-14.179108394602311
SAFT,2012-12-31,FY,58070000,694359000,1574346000,703867000,0.08363108996930982,21.03097960636487
HALL,2012-12-31,FY,3848000,220537000,790468000,5957000,0.017448319329636298,-5.111824253202944
MTW,2012-12-31,FY,92600000,600300000,4057300000,3927000000,0.15425620523071798,48.78827192631776
AMSWA,2013-01-31,Q3,7333000,79420000,106476000,34371000,0.36932762528330393,16.39534633568403
KOP,2012-12-31,FY,67200000,150600000,780000000,1555000000,0.44621513944223107,20.576666212702712
PDCO,2013-01-26,Q3,146710000,1350733000,2637490000,2672279000,0.43446040039001044,9.711936464831684
BDSI,2012-03-31,Q1,6750616,11332773,46406176,16504165,2.382688155846764,63.81323531144378
SPRS,2012-11-30,FY,1507275,8939693,11965304,22324164,0.16860478318438898,90.69766958318195
CRIS,2012-12-31,FY,-16416907,34267498,69768349,16971991,-0.4790809938910626,-18.075798814863617
URBF,2013-01-31,Q2,-1418181,-121506,272998,778,46.68678089970866,-68.79310353686779
GIFI,2012-12-31,FY,-4091000,273500000,403495000,521340000,-0.014957952468007312,-4.369542714964257
TTWO,2012-12-31,Q3,-51964000,564814000,1189781000,914996000,-0.3680078751589019,58.0381403888254
KFRC,2012-12-31,FY,-13703000,169846000,325149000,1082479000,-0.0806789680063116,45.60668715891513
PPG,2012-12-31,FY,1064000000,4063000000,15878000000,15200000000,0.2618754614816638,39.24639284948488
ORBT,2012-12-31,FY,-135000,18784000,24976000,29438000,-0.007186967632027258,7.120743582517408
PGTI,2012-12-29,FY,8955000,74210000,141317000,174540000,0.12067106858913892,122.44444953070746
RELL,2012-12-01,Q2,378000,190257000,222649000,36603000,0.007947145177312792,0.9892055558390469
QNBC,2012-12-31,FY,9175000,77623000,919874000,33348000,0.11819950272470789,9.80809877283877
VTR,2012-12-31,FY,361775000,9019128000,18980000000,2485299000,0.04011197091337433,-10.862174829907536
CALM,2012-12-01,Q2,23850000,500278000,743989000,601798000,0.1906939741503724,21.840360581099365
LEDS,2012-11-30,Q1,-9118000,101918000,119377000,6227000,-0.35785631586177125,-0.9345741082053158
CVU,2012-12-31,FY,11011130,80594199,124883516,89272582,0.13662434935298506,51.24875122019815
RRTS,2012-12-31,FY,37530000,392079000,700808000,1073354000,0.09572050530632857,47.574421168687984
WCYN,2012-12-31,Q2,-104268,-1603342,1741,0,0.2601266604380101,-69.71428673303856
NEOG,2013-02-28,Q3,20064000,245698000,281025000,151522000,0.3266449055344366,39.78001003693923
TDG,2012-12-29,Q1,74170000,598847000,5549616000,430418000,0.4954186962613155,17.42446054597057
TEL,2012-12-28,Q1,277000000,8129000000,18136000000,3134000000,0.13630212818304835,50.05503178407008
NIMU,2013-01-31,Q2,-264000,-1410000,526000,34000,0.7489361702127659,123.80953022952544
OTEX,2012-06-30,FY,125174000,1179392000,2444293000,1207473000,0.10613434718906013,34.6774213516949
AMRN,2012-12-31,FY,-179184000,-3997000,310855000,0,44.8296222166625,-76.01977724808971
ELMD,2012-12-31,Q2,-482299,14684418,19144311,7887656,-0.13137708283705898,54.81480572285818
FDX,2013-02-28,Q3,1258000000,16112000000,31830000000,32852000000,0.31231380337636544,26.671727843295436
AXP,2012-12-31,FY,4482000000,18886000000,153140000000,6854000000,0.23731864873451233,55.86290370802779
AE,2012-12-31,FY,27791000,135858000,419501000,15954000,0.20455917207672716,92.18706048584907
SMSI,2012-12-31,FY,-25463000,42662000,54395000,43329000,-0.5968543434438142,0.6666660308837891
MSA,2012-12-31,FY,91761000,470704000,1111746000,1168904000,0.1949441687344913,18.91829080837465
VHI,2012-12-31,FY,159800000,1091700000,3170500000,2087300000,0.1463772098561876,21.839996337890625
GFOO,2012-12-31,Q1,-383618,1107434,1285990,3710,-1.3856103388554082,-74.54545454545455
SVT,2012-12-31,FY,320000,23266000,29303000,30510000,0.013753975758617726,3.8461561974218275
LANC,2012-12-31,Q2,61939000,471155000,597747000,617131000,0.52584818159629,28.16880644031584
SMME,2012-12-31,Q2,-2425525,66421,1597819,0,-146.06976709173304,-3.8750004889443628
LEE,2012-12-30,Q1,14683000,-99782000,1043505000,185459000,-0.5886031548776333,203.5087687010102
BBOX,2012-12-29,Q3,21583000,484420000,893685000,137492000,0.17821724949424053,21.24075613756419
WAB,2012-12-31,FY,251732000,1276830000,2351542000,2391122000,0.19715388892804836,69.40827221930405
SPWR,2012-12-30,FY,-352020000,993352000,3340948000,2417501000,-0.35437589092285515,414.4128094975149
RM,2012-12-31,FY,25367000,130569000,434991000,136046000,0.19428041878240623,105.25681442107759
FORD,2012-12-31,Q1,138765,9459385,14080643,6973370,0.05867823331009363,2.0270250677801456
DORM,2012-12-29,FY,70962000,332872000,406309000,570420000,0.21318104256290707,55.8856817055043
RDI,2012-12-31,FY,-1406000,126856000,428588000,254430000,-0.011083433184082739,24.12645181437722
NSP,2012-12-31,FY,40402000,240905000,750200000,2158824000,0.1677092629874847,10.872226509590812
BDSI,2012-06-30,Q2,10533257,15764060,56068010,32802137,2.6727269497832413,-9.777779049343533
GT,2012-12-31,FY,237000000,370000000,16973000000,20992000000,0.6405405405405405,71.25270745782271
IESC,2012-12-31,Q1,510000,53812000,165158000,127264000,0.037909759904853936,18.66667005750868
MOFG,2012-12-31,FY,16751000,173932000,1792819000,69302000,0.09630775245498241,36.56752762702863
UFPT,2012-12-31,FY,10895297,73260804,98617440,130961804,0.1487193206342644,44.754466649658056
HMNF,2012-12-31,FY,5321000,60834000,653327000,30816000,0.08746753460236052,201.72911183583335
SOFO,2012-12-31,Q1,-139000,10610000,22789000,6552000,-0.05240339302544769,74.35897394097114
LUV,2012-12-31,FY,421000000,6992000000,18596000000,17088000000,0.0602116704805492,83.88672211513047
AHT,2012-12-31,FY,-62208000,831942000,3464729000,922606000,-0.07477444341071854,17.668885735100577
ARTW,2012-11-30,FY,2665087,17071222,31228676,36456830,0.15611577191134882,13.843356294476575
PRAA,2012-12-31,FY,126099000,708427000,1288956000,592801000,0.17799857995248627,47.136444185847516
CECO,2012-12-31,FY,-142796000,611790000,1122703000,1489269000,-0.2334068879844391,63.517595674861646
THRM,2012-12-31,FY,24321000,161815000,439197000,554979000,0.15030126996879153,90.45112451465687
TLF,2012-12-31,FY,5596070,37521017,49087672,72720624,0.14914494455200936,79.16667350536386
TDY,2012-12-30,FY,165100000,1147800000,2406400000,2127300000,0.14384039031190102,42.077758386090515
BFIN,2012-12-31,FY,-27109000,172890000,1481192000,60727000,-0.1567991208282723,24.52829752170637
MET,2012-12-31,FY,1362000000,64453000000,836781000000,68150000000,0.021131677346283337,62.416507219013994
NPWZ,2012-12-31,Q1,-612317,-730241,374321,0,3.3540543464417913,104.99999126885126
HMST,2012-12-31,FY,82126000,263762000,2631230000,80691000,0.3113640327264731,-22.23091415826052
PANW,2013-01-31,Q2,-6128000,243520000,490149000,117458000,-0.10065703022339027,12.21098680384142
UFCS,2012-12-31,FY,40212000,729177000,3694653000,813243000,0.055147104201037606,31.227104611609153
DGX,2012-12-31,FY,592134000,4163047000,9283863000,7382562000,0.1422357230172996,-7.242150656514829
ALSN,2012-12-31,FY,514200000,1356900000,4866000000,2141800000,0.3789520229935883,32.90890934499014
SPSC,2012-12-31,FY,1222000,134817000,159201000,77106000,0.00906413879555249,76.89830827850709
STN,2012-12-31,FY,11712000,793832000,3098943000,1229476000,0.014753751423474992,55.41147647435201
GBCI,2012-12-31,Q4,75516000,900949000,7747440000,253757000,0.33527313976706785,102.78721853398281
STRT,2012-12-30,Q2,6155000,85482000,168915000,143050000,0.28801385086918885,72.02635584889099
STIE,2012-12-31,FY,-5098131,-4338485,653950,27571,1.175094762342154,-80.00000074505806
IRBT,2012-12-29,FY,17297000,275817000,356796000,418550000,0.06271187055185141,88.95411035162084
MRCY,2012-12-31,Q2,-11984000,326083000,382139000,99232000,-0.14700551700027292,19.56521987013651
CAVM,2012-12-31,FY,-113663000,243062000,331504000,235480000,-0.4676296582764891,6.824739284196054
CVBF,2012-12-31,FY,77280000,762970000,6363364000,262222000,0.10128838617507897,64.7115364335697
ARCT,2012-12-31,FY,-2537000,214010000,216743000,414000,-0.011854586234288117,129.6688756062193
CCO,2012-12-31,FY,-159210000,446089000,7105782000,2946944000,-0.35690187384131866,41.880342809237895
HP,2012-12-31,Q1,159603000,3990395000,5934288000,844572000,0.15998716919001754,50.02678324843174
CZFS,2012-12-31,FY,14215000,89475000,882427000,38085000,0.15887119307069014,31.86047670301481
BOKF,2012-12-31,Q4,354124000,2957860000,28148631000,791648000,0.4788921720433016,21.18986615777885
ATLO,2012-12-31,FY,14182308,144735735,1217692099,38071738,0.09798760478882426,3.6986277627923654
FIZZ,2013-01-26,Q3,34823000,58776000,195227000,494140000,2.3698788621205935,53.222296918651445
MMC,2012-12-31,FY,1201000000,6606000000,16288000000,11924000000,0.18180442022403875,39.860740867966996
SMP,2012-12-31,FY,41353000,307587000,576594000,948916000,0.13444326320683253,65.2115221372194
MATX,2012-12-31,FY,45900000,279900000,1174300000,1560000000,0.1639871382636656,6.1084153350525705
OMC,2012-12-31,FY,1117500000,3460800000,22151900000,14219400000,0.3229022191400832,48.09847722108004
CTSH,2012-12-31,FY,1051263000,4854383000,6521571000,7346472000,0.2165595504104229,35.47644837420467
EML,2012-12-29,FY,8625800,71582099,115854150,157509185,0.12050219427066536,1.7699158789308624
REGI,2012-12-31,FY,22259000,324764000,495784000,1015034000,0.06853900062814844,105.29009315493765
LBTYA,2012-12-31,FY,387300000,2210000000,38307700000,10310800000,0.17524886877828055,39.02477893231088
GPI,2012-12-31,FY,100209000,860284000,3023015000,7476100000,0.11648362633734906,15.018553187949003
JAZZ,2012-12-31,FY,288586000,1121292000,1966493000,580527000,0.2573691776985834,138.10328810427671
SBCF,2012-12-31,FY,-710000,165546000,2173929000,73287000,-0.00428883814770517,51.92545655231697
KLAC,2012-12-31,Q2,241997000,3361136000,5068763000,1097101000,0.2879942971661962,34.42210888708679
POWI,2012-12-31,FY,-34404000,341049000,399130000,305370000,-0.10087700007916751,63.790533285815144
LECO,2012-12-31,FY,257216000,1342373000,2089863000,2853367000,0.19161291235744463,46.384555648110634
EME,2012-12-31,FY,148886000,1346080000,3107070000,6346679000,0.11060709616070367,21.930078066273666
B,2012-12-31,FY,95249000,800118000,1868596000,1229959000,0.1190436910555693,69.94657045793693
CSX,2012-12-28,FY,1859000000,9002000000,30571000000,11756000000,0.20650966451899577,45.59958711744587
NVDA,2013-01-27,FY,562536000,4827703000,6412245000,4280159000,0.1165224952736322,23.39413832876172
SON,2012-12-31,FY,196120000,1488986000,4176065000,4786129000,0.1317137971747216,39.92599769475775
STLD,2012-12-31,FY,142281000,2405465000,5815416000,7007417000,0.05914906265524545,41.36926798652048
PODD,2012-03-31,Q1,-14780000,70217000,215681000,47754000,-0.8419613483914152,34.898281207263125
JBL,2012-11-30,Q1,105584000,2076045000,8185500000,4637018000,0.20343296990190482,6.684212935598273
GFRP,2012-12-31,FY,1335080,10577283,12166364,4061781,0.1262214502533401,-45.714285471001446
JCTCF,2012-11-30,Q1,480746,17953936,20236071,9296405,0.1071065419861138,54.59377746701496
PRO,2012-12-31,Q4,4966000,88669000,146479000,117791000,0.2240241798148169,120.06559860710372
FIBK,2012-12-31,FY,58224000,751186000,7721761000,273900000,0.07750943175192296,84.76992653926617
RBCAA,2012-12-31,FY,119339000,536702000,3394399000,183459000,0.2223561678547872,17.08471724435502
WEYS,2012-12-31,FY,20399000,174165000,285321000,293471000,0.11712456578531852,26.241434077917802
AEP,2012-12-31,FY,1259000000,15237000000,54367000000,14945000000,0.0826278138741222,9.278348304023861
ES,2012-12-31,FY,3929000,300419000,2655462000,1807505000,0.013078400500634114,8.444214642892423
WSFS,2012-12-31,FY,31311000,421054000,4375148000,150287000,0.07436338331900422,83.55030270977817
YUMM,2012-12-31,Q1,-70131,-41354,638,0,6.783479228127872,0.0
FCN,2012-12-31,FY,-36986000,1068232000,2275452000,1576871000,-0.034623564918482126,26.121208884499293
INOD,2012-12-31,FY,5689000,50509000,66181000,86591000,0.11263339206874022,-32.53968329055991
ADUS,2012-12-31,FY,7635000,94417000,149857000,244315000,0.08086467479373417,233.56643445253127
FELE,2012-12-29,FY,83738000,514406000,976379000,891345000,0.16278581509546933,46.73544806427633
MDAV,2012-12-31,Q1,-33017,234602,713062,27478,-0.5629449024304993,1087.5000116415324
WWW,2012-12-29,FY,80686000,643697000,2614434000,1640838000,0.1253477956243388,63.006353826114406
PACB,2012-12-31,FY,-94465000,109382000,129683000,25983000,-0.8636247280174069,207.6470513162318
SOYL,2012-12-31,Q1,-14621,-7408074,53526,10895,0.00789462956228569,334.7825893297768
CSL,2012-12-31,FY,270200000,1788100000,3457300000,3629400000,0.15111011688384318,35.38122076937824
SANM,2012-12-29,Q1,621000,986346000,3079352000,1494945000,0.0025183860430315528,48.41915770655018
ACAD,2012-12-31,FY,-20849000,84984000,108590000,4907000,-0.24532853242963382,445.8064223708609
LL,2012-12-31,FY,47064000,234541000,347387000,813327000,0.2006642761819895,92.7503280365148
QMDT,2012-12-31,Q2,-637686,-8702760,1049718,140790,0.29309598334321524,-75.0
PAG,2012-12-31,FY,187167000,1139656000,3137754000,13163517000,0.1642311364130931,56.1980716572305
RSYS,2012-12-31,FY,-43474000,125442000,232394000,286096000,-0.34656654071204224,-23.489934335683436
YELP,2012-12-31,FY,-19113000,165662000,187696000,137567000,-0.11537347128490541,250.18568063861068
FLEX,2012-12-31,Q3,304059000,2402610000,11153694000,18274157000,0.5062144917402325,24.9597452691381
XDSL,2012-12-31,Q2,-444839,-5503680,146877,2553,0.32330295366009654,-27.27272727272727
UBOH,2012-12-31,FY,4484817,64170205,572447628,22591412,0.06988939804695965,48.61385595322877
NNI,2012-12-31,Q4,178428000,1165208000,26607895000,613853000,0.6125189665707753,38.569981573181614
NWE,2012-12-31,FY,98406000,934032000,3485533000,1070342000,0.10535613340870548,25.338322352577546
CMC,2012-11-30,Q1,49719000,1308201000,3497569000,1789226000,0.15202251030231592,43.321031755946656
HMLA,2013-01-31,Q2,-186798,-251356,809418,56140,2.972644376899696,-95.27777760301107
SYPR,2012-12-31,FY,3047000,62933000,160968000,289173000,0.048416570003019084,-22.22222489807606
MNTX,2012-12-31,FY,8077000,59533000,151504000,205249000,0.1356726521425092,114.00560250279408
AFSI,2012-12-31,FY,184860000,1144121000,7417237000,1865156000,0.1615738195523026,25.604736564367357
TREX,2012-12-31,FY,2720000,93986000,168615000,307354000,0.02894048049709531,112.67795132618367
IBCP,2012-12-31,FY,26198000,134975000,2023867000,99398000,0.19409520281533618,241.1428451538086
ALGN,2012-12-31,FY,58691000,581317000,756312000,560041000,0.1009621256560534,105.58558283625423
MANH,2012-12-31,FY,51853000,161509000,261813000,283872000,0.32105331591428343,94.89558862567787
BLIN,2012-12-31,Q2,-642000,22607000,34727000,4850000,-0.11359313486973062,-26.89655172413793
FLIC,2012-12-31,FY,20393000,205370000,2108290000,76229000,0.09929882650825339,50.31779250871169
ENGT,2012-09-30,Q3,331540,5427457,12880191,6717626,0.2443427925822351,-64.28571390558263
OPXS,2012-12-30,Q1,41000,7658000,12762000,3850000,0.021415513188822146,-10.0
INFU,2012-12-31,FY,-1489000,40013000,77523000,5357000,-0.03721290580561318,42.00000762939453
TBTC,2012-12-31,FY,24674,2617724,5146093,4782618,0.00942574541853916,14.141412560227785
CNO,2012-12-31,FY,221000000,5049300000,34131400000,4342700000,0.04376844315053572,87.88854051439537
INSM,2012-12-31,FY,-41374000,120882000,153561000,0,-0.3422676659883192,155.45590443071524
FMNB,2012-12-31,FY,9932000,120792000,1139695000,43110000,0.08222398834359891,6.29032831162263
FSS,2012-12-31,FY,-27500000,146900000,613200000,803200000,-0.18720217835262082,90.67017049027193
EBS,2012-12-31,FY,18143000,441358000,564230000,215879000,0.04110721908292135,45.635905717051266
MO,2012-12-31,FY,4183000000,3168000000,35329000000,24618000000,1.3203914141414141,22.010177985836236
LRN,2012-12-31,Q2,13864000,495347000,718709000,427124000,0.11195384245791334,6.262224784016568
CNMD,2012-12-31,FY,40481000,606998000,1084462000,767140000,0.06669049980395322,51.9856829433903
ITW,2012-12-31,FY,2870000000,10570000000,19309000000,17924000000,0.271523178807947,37.214274884155465
TSLA,2012-12-31,FY,-396213000,124700000,1114190000,385699000,-3.1773295910184443,350.0738590804645
ADMT,2012-12-31,Q3,-296057,374603,1140283,1208434,-3.1612880836512254,0.0
CNS,2012-12-31,FY,66117000,216580000,337315000,273553000,0.30527749561363005,33.96783923435631
BSRR,2012-12-31,FY,8185000,173892000,1437903000,54902000,0.04706944540289375,43.744530765549314
FHRT,2013-01-31,Q3,-1674032,-15552418,157860395,5660090,0.43055221381009695,-7.630524357138774
PZZA,2012-12-30,FY,66002000,181514000,438408000,1342653000,0.3636193351477021,63.753862094493094
INBP,2012-12-31,Q2,-155000,-10538000,13587000,15875000,0.058834693490225846,18.750001164153243
FLL,2012-12-31,FY,30015000,81133000,162725000,128760000,0.36994810989363147,-17.681163045894746
HRB,2013-01-31,Q3,-230392000,634888000,3932496000,558528000,-1.4515442093723618,32.27931591439062
TG,2012-12-31,FY,28251000,372252000,783165000,882188000,0.07589213758421715,40.00979454343239
TAP,2012-12-29,FY,439100000,7966900000,16212200000,5615000000,0.055115540549021576,30.31081357443812
ISCO,2012-12-31,FY,-9833000,-1758000,5370000,4567000,5.593287827076223,10.0
PEP,2012-12-29,FY,6214000000,22417000000,74638000000,65492000000,0.27720033902841595,20.86803845625117
BGC,2011-12-31,FY,67100000,1348400000,4323000000,5866700000,0.04976268169682587,-44.48104552105615
CPSI,2012-12-31,FY,29973472,57202192,77838987,72553036,0.5239916680116035,23.241956153108944
HIG,2012-09-30,Q3,8000000,22982000000,308721000000,18677000000,0.0013923940475154468,61.10252809678837
PVCT,2012-12-31,FY,-12568354,4393484,6204478,0,-2.8606804986657512,314.2857006009745
PBSK,2012-12-31,Q1,434000,60672000,314450000,3043000,0.028612869198312237,8.705025913932579
CVLT,2012-12-31,Q3,36224000,319665000,538414000,357576000,0.4532745217649727,6.91932162134811
SPB,2012-12-30,Q1,-6573000,966991000,5521834000,870268000,-0.02718949814424333,54.09622935981753
XRAY,2012-12-31,FY,318489000,2208698000,4972297000,2928429000,0.14419762230961408,22.368090062680068
JUVF,2012-12-31,FY,3648000,50297000,448869000,18170000,0.07252917669045868,-2.7945218020922518
TECH,2012-12-31,Q2,51032000,694565000,724570000,150108000,0.2938933001230986,37.98654975852529
SIRI,2012-12-31,FY,3472702000,4039565000,9054843000,3402040000,0.859672266692082,21.453282458605297
WTM,2012-12-31,FY,193400000,3731800000,12895400000,2435700000,0.051824856637547566,16.887372952063107
MWWC,2012-09-30,FY,-11116725,-14525567,1191319,790211,0.7653212435700445,-90.00000072759573
WMB,2012-12-31,FY,1065000000,4752000000,24327000000,2729000000,0.22411616161616163,17.318258638558618
NNN,2012-12-31,FY,141937000,2296285000,3988026000,331752000,0.06181157826663502,-2.7884641601253373
SPR,2012-12-31,FY,34800000,1996400000,5415300000,5397700000,0.01743137647765979,99.46965140701529
VICT,2012-12-31,FY,21625000,97435000,628739000,496130000,0.22194283368399445,1399.9999776482587
YUM,2012-12-29,FY,1608000000,2154000000,9011000000,11833000000,0.7465181058495822,11.249996004334498
NSAV,2012-11-30,FY,-1252883,-266266,96913,101968,4.705381085080333,-86.66764499017316
MHH,2012-12-31,FY,2139000,6887000,16420000,101838000,0.3105851604472194,256.4356374876158
ESCA,2012-12-29,FY,-4930000,80457000,125740000,147589000,-0.06127496675242676,128.9827297087486
GLRE,2012-12-31,Q4,18449000,821708000,2722753000,545396000,0.08980805833702483,45.45060574434239
ADI,2013-02-02,Q1,131222000,4323797000,5716808000,622134000,0.12139515338023502,9.580025638576437
PTSI,2012-12-31,FY,2179000,122195000,317669000,380633000,0.01783215352510332,103.91008351689001
BWA,2012-12-31,FY,522400000,3082600000,6400800000,7183200000,0.16946733277103743,56.26920220769911
EGP,2012-12-31,FY,32887000,486312000,1354102000,186178000,0.06762531050025498,7.284887695414614
UTI,2012-12-31,Q1,3562000,143371000,251141000,98441000,0.09937853540813693,39.24302385810086
BHE,2012-12-31,FY,56607000,1139525000,1501477000,2468150000,0.04967596147517606,38.327308124122716
SMTC,2013-01-27,FY,41939000,694826000,1171013000,578827000,0.06035899635304379,-22.80585315076811
GERN,2012-12-31,FY,-68881000,85653000,99801000,2709000,-0.8041866601286587,238.29793990316043
LYB,2012-12-31,FY,623000000,11139000000,24220000000,11097000000,0.05592961666217793,39.166223044125736
BBSI,2012-12-31,FY,13131000,53896000,228861000,402652000,0.24363589134629657,142.1632908749217
NASB,2012-12-31,Q1,8317000,179860000,1252524000,13593000,0.18496608473256979,40.33691433488025
CMA,2012-12-31,FY,521000000,6942000000,65359000000,1863000000,0.07505041774704696,56.98747801111191
ATRO,2012-12-31,FY,21874000,125134000,211989000,266446000,0.1748046094586603,178.62306173702248
INTZ,2012-12-31,FY,-246000,-1551000,1359000,6569000,0.15860735009671179,206.12244302160997
AMT,2012-12-31,FY,594025000,3573101000,14089129000,72470000,0.1662491488485772,3.2742416443710676
UVFT,2012-12-31,Q1,-298448,210817,378457,54385,-5.6626932363139595,-41.13636171214343
GPRE,2012-12-31,FY,11763000,490502000,1349734000,3476870000,0.023981553592034282,144.1213633178511
CZNC,2012-12-31,FY,22705000,182786000,1286907000,56632000,0.12421629665291653,8.730156888006238
PCG,2012-12-31,FY,811000000,13460000000,51923000000,15035000000,0.06025260029717682,0.2239924138982579
HDNG,2012-12-31,FY,17855000,161207000,325654000,334413000,0.11075821769526137,45.573449475647
TYCB,2012-12-31,FY,4357100,76879810,442893074,15106842,0.05667417752463228,-3.8461538461538463
HCA,2012-12-31,FY,2006000000,-9660000000,28075000000,33013000000,-0.20766045548654244,56.41365100223679
AMTY,2012-12-31,Q2,-622532,1508663,2427274,1640404,-1.6505528404951935,-50.0
APH,2012-12-31,FY,559508000,2429959000,5215463000,4292065000,0.23025409070688024,37.109742300973615
PNBK,2012-12-31,FY,-536164,49567798,617855135,25216517,-0.010816780684911603,-16.0
VVC,2012-12-31,FY,159000000,1526100000,5089100000,2232800000,0.1041871436996265,0.0
JBLU,2012-12-31,Q4,128000000,1888000000,7070000000,4982000000,0.2711864406779661,48.07693317668843
KRO,2012-12-31,FY,218500000,1062100000,2027000000,1976300000,0.20572450805008943,-4.717949109199719
CLF,2012-12-31,FY,-899400000,4632700000,13574900000,5520900000,-0.194141645260863,-31.03448122391551
NHI,2012-12-31,FY,90898000,457182000,705981000,96953000,0.19882235083620964,0.47762332141170116
PRK,2012-12-31,FY,78630000,650366000,6642803000,285735000,0.12090115411937279,30.66687380027087
BR,2012-12-31,Q2,34100000,783400000,1856200000,989000000,0.17411284146030126,73.0769227562956
ASYS,2012-12-31,Q1,-4268000,80362000,124900000,9357000,-0.21243871481546003,107.453408974712
MED,2012-12-31,FY,15876000,90786000,130251000,356706000,0.17487277774106139,-1.3262541955888856
KAMN,2012-12-31,FY,55025000,420193000,1096993000,1592828000,0.1309517293243819,7.744571597567259
AXR,2013-01-31,Q3,-329000,74316000,200318000,62079000,-0.017708165132676677,-26.907628695523865
WGO,2012-12-01,Q1,7391000,145548000,291771000,193554000,0.20312199411877868,123.05474660811784
ACCA,2011-06-30,Q2,-156167,77021,1299713,836971,-8.110359512340791,400.00001862645195
AIRT,2012-12-31,Q3,1277205,27725564,36205805,72353493,0.18426388007832772,40.73199622459839
SCOR,2012-12-31,FY,-11789000,195643000,336485000,255193000,-0.06025771430615969,107.25689388863364
UPS,2012-12-31,FY,807000000,4653000000,38863000000,54127000000,0.17343649258542876,42.3029884605025
BXC,2012-12-29,FY,-23027000,-20592000,544736000,1907842000,1.1182498057498058,-33.451955483705305
FSFG,2012-09-30,FY,4287000,82926000,638913000,25994000,0.05169669343752261,17.83841899202974
MCS,2012-11-29,Q2,15466000,337129000,758115000,218572000,0.18350245751626232,23.281786582605683
MDRX,2012-12-31,FY,-1153000,1284341000,2384464000,145274000,-0.0008977366602794741,63.26963895834468
INTU,2013-01-31,Q2,71000000,2792000000,5089000000,402000000,0.1017191977077364,18.93235198953459
AMS,2012-12-31,FY,38000,19929000,73323000,17048000,0.0019067690300567013,-4.029308891790279
AVB,2012-12-31,FY,423562000,6837215000,11160078000,1038660000,0.06194949259310992,-12.567293861170336
CGNX,2012-12-31,FY,68098000,572285000,627605000,295588000,0.11899315900294434,107.28458885154492
MA,2012-12-31,FY,2758000000,6917000000,12462000000,7391000000,0.39872777215555877,69.6181497847982
ACCA,2012-09-30,Q3,368654,227187,361729,0,6.490758714186991,251.99999284744274
CFNB,2012-12-31,Q2,3347000,177390000,509223000,10643000,0.07547212356953605,1.7391319879529563
BLGO,2012-12-31,FY,-5333986,-289672,268697,65542,18.413881907812975,4.166668994973155
LMAT,2012-12-31,FY,2571000,52888000,63060000,56735000,0.048612161548933594,39.54704787943695
CHEF,2012-12-28,FY,14511000,39282000,210134000,480292000,0.3694058347334657,89.2207799446002
SAM,2012-12-29,FY,59467000,245091000,359484000,628580000,0.24263232840047166,80.06694800946283
MCK,2012-12-31,Q3,1079000000,7649000000,33433000000,91835000000,0.5642567655902733,65.72813939634146
MFCO,2012-12-31,Q1,-225025,1996636,2379923,771244,-0.45080825949246633,-47.36841960792064
ACNB,2012-12-31,FY,8886000,101264000,1049995000,40439000,0.08775082951493127,13.22620116987191
MAG,2012-12-30,FY,12623000,-30875000,98815000,114274000,-0.4088421052631579,-47.42468544734694
PNC,2012-12-31,FY,3001000000,39003000000,305107000000,10734000000,0.07694279927185088,32.927457229891345
HMNY,2012-12-31,FY,421693,4252782,5424031,12368920,0.09915697536342093,58.34348355663824
HAIN,2012-12-31,Q2,48008000,1105465000,2149268000,815126000,0.17371151506379667,65.36333759408696
MERC,2012-12-31,FY,-10491000,295805000,1183603000,761854000,-0.03546593194841196,38.40782204756544
MOH,2012-12-31,FY,9790000,782314000,1934822000,5188000,0.012514156719680333,25.572801969207106
RMTI,2012-12-31,FY,-54021515,-9961870,17025086,49842392,5.4228287460085305,35.77639662717877
INTC,2012-12-29,FY,11005000000,51203000000,84351000000,53341000000,0.21492881276487705,24.151306205385552
MHLD,2012-12-31,FY,50261000,1015239000,4138163000,1899765000,0.04950656938907981,17.192610985021087
UNTY,2012-12-31,FY,4244000,77510000,819730000,35203000,0.05475422526125661,21.794876859895172
IPAS,2012-12-31,FY,-4378000,36901000,60124000,126078000,-0.11864177122571204,-14.20764773874951
SMIT,2012-11-30,Q2,15544,10553830,11908228,6382924,0.005891320970680786,-12.913902945322093
MDLZ,2012-12-31,FY,3055000000,32215000000,75478000000,35015000000,0.09483160018624864,38.03536351665613
NKSH,2012-12-31,FY,17747000,150109000,1104361000,48670000,0.11822742140711083,13.430078329080125
KFS,2012-12-31,FY,-53278000,65071000,372800000,150371000,-0.8187671927586789,3.1496096005218424
CPHI,2012-12-31,FY,4617659,148516567,163239913,54507049,0.031091878120236918,70.0
MCD,2012-12-31,FY,5464800000,15293600000,35386500000,18602500000,0.3573259402625935,9.976196738570028
JACK,2013-01-20,Q1,20689000,425169000,1377289000,360094000,0.19464260094221356,72.6809349909746
BDSI,2012-12-31,FY,1652181,49777213,75738650,53446309,0.033191512751025255,37.587004804328046
SLM,2012-12-31,FY,937000000,5060000000,181260000000,5769000000,0.18517786561264823,52.18915875674017
NICK,2012-12-31,Q3,15100695,123939649,263465083,29196,0.4873563906897945,26.935485930150122
AGEN,2012-12-31,FY,-11324771,-17600157,29092623,0,0.6434471578861484,-35.36585438116748
ELS,2012-12-31,FY,74458000,859248000,3398226000,3114000,0.08665484237379663,8.36676649846624
GNTX,2012-12-31,FY,168586840,1120960556,1265691335,1099559521,0.1503949796427984,74.16446242265246
GVA,2012-12-31,FY,59920000,829953000,1729487000,984106000,0.0721968593402277,3.8370046297173546
ICFI,2012-12-31,FY,38075000,428750000,709721000,937133000,0.08880466472303207,46.97098966736215
ATR,2012-12-31,FY,162420000,1379890000,2324412000,2331036000,0.1177050344592685,41.51298627796192
APOG,2012-12-01,Q3,14715000,330142000,523681000,520490000,0.17828691896214358,50.56745824437986
C,2012-12-31,FY,7760000000,189049000000,1864660000000,68138000000,0.0410475590984348,31.24367130077797
INDB,2012-12-31,FY,42627000,529320000,5756985000,196192000,0.08053162548175016,35.19861263614813
EDUC,2012-11-30,Q3,1014100,13927400,18910900,19923400,0.291253213090742,-20.984455046453636
MPAA,2012-12-31,Q3,-17860000,70284000,442642000,316930000,-1.016447555631438,194.21612509361648
NEWP,2012-12-29,FY,-89950000,289432000,620961000,595346000,-0.3107811161170845,-21.311479013986766
IGXT,2012-12-31,FY,-2250000,2178000,4159000,1198000,-1.0330578512396693,-15.384610446952324
TNC,2012-12-31,Q4,41584000,235054000,420760000,738980000,0.7076501569852034,54.926041310349795
CNHC,2012-12-31,FY,213581000,1426443000,13346529000,834004000,0.14972978240280194,-12.500000909494723
PDEX,2012-12-31,Q2,-365000,9301000,11321000,6468000,-0.15697236856252017,14.146339931635508
DIT,2012-12-31,Q1,1462752,48793922,115830622,302218321,0.11991263993904815,21.41195299487783
GLW,2012-12-31,FY,1728000000,21486000000,29375000000,8012000000,0.08042446244065904,40.88748690870397
AIR,2013-02-28,Q3,54700000,924000000,2217000000,909000000,0.23679653679653678,59.76095721329521
THRO,2012-11-30,Q2,-30039,-108228,25024,0,1.1102117751413683,0.0
TROX,2012-12-31,FY,1133000000,2882000000,5511000000,1832000000,0.3931297709923664,27.068496077028037
CMI,2012-12-31,FY,1738000000,6603000000,12548000000,17334000000,0.2632136907466303,29.14628024586719
BDC,2012-12-31,FY,194490000,811860000,2584583000,1840739000,0.2395610080555761,56.39030447964487
NBN,2012-12-31,Q2,2550000,114931000,704710000,16501000,0.08874890151482194,3.8251409405626364
OXY,2012-12-31,FY,4598000000,40016000000,64210000000,24172000000,0.11490403838464615,23.41730816586546
MLHC,2012-12-31,Q2,-742089,-358322,4199920,4421473,8.284046193088898,102.81689660496195
NKSH,2012-12-31,FY,17747000,150109000,1104361000,48670000,0.11822742140711083,13.430078329080125
CAT,2012-12-31,FY,5722000000,17582000000,89356000000,63068000000,0.32544647935388465,1.4060954443124016
WWD,2012-12-31,Q1,27368000,1039630000,2048817000,408339000,0.10529900060598482,20.403877685182138
FAST,2012-12-31,FY,420536000,1560360000,1815832000,3133577000,0.2695121638596221,2.1650552808083203
SFRX,2012-03-31,Q1,-163611,-291208,243565,0,2.247342105986099,233.33334023201937
MCY,2012-12-31,FY,116911000,1842497000,4189686000,131896000,0.06345247780593401,25.44722257062933
KGJI,2012-12-31,FY,32670329,161539916,172783539,915732800,0.20224307285141835,44.34782620714229
KAI,2012-12-29,FY,31821000,248583000,358948000,331751000,0.12800955817574008,53.86646760978856
SMMF,2012-12-31,FY,5713000,108555000,1387104000,63884000,0.05262770024411589,105.99173456013153
RHP,2012-12-31,FY,-26644000,853598000,2543139000,986594000,-0.03121375635837947,9.672390299678895
UHAL,2012-12-31,Q3,-12912000,-370176000,-382407000,-2597000,0.1395228215767635,85.15889909537435
STRA,2012-12-31,FY,65930000,40988000,227792000,561979000,1.6085195667024494,-37.56453473731221
WMT,2013-01-31,FY,17756000000,76343000000,203105000000,466114000000,0.23258190010871985,6.862045691455027
MYE,2012-12-31,FY,29962000,230022000,484856000,791188000,0.1302571058420499,41.32013456439367
DRQ,2012-12-31,FY,119209000,1066432000,1231447000,610218000,0.11178302976654864,49.78780779984146
HDII,2012-12-31,Q2,-772337,-896994,1004150,42659,3.444112223716101,-29.577466820977634
PETS,2012-12-31,Q3,12563000,62070000,70731000,176709000,0.8096020621878525,48.46845924210903
KW,2012-12-31,FY,6839000,509644000,1283789000,64056000,0.013419171029189002,57.79685399341241
ARKR,2012-12-29,Q1,8000,30220000,50399000,31336000,0.0010589013898080742,33.353108632954026
VPG,2012-12-31,FY,11764000,196649000,263173000,217616000,0.05982232302223759,8.320721676071756
WFC,2012-12-31,FY,18897000000,157554000000,1422968000000,48391000000,0.11993983015347119,33.118781725435106
CHD,2012-12-31,FY,349800000,2060900000,4098100000,2921900000,0.1697316706293367,24.397983515551534
DHX,2012-12-31,FY,38087000,190638000,354230000,195363000,0.19978703091723582,-20.261438689339876
BG,2012-12-31,FY,36000000,10862000000,27280000000,60991000000,0.0033143067575032224,12.684001803597623
BCOV,2012-12-31,FY,-12452000,64492000,96993000,87973000,-0.19307821125100788,54.09292438006158
DYSL,2012-09-30,FY,-4303766,18843588,37465428,47887150,-0.22839418904722392,-39.999997692723355
HSII,2012-12-31,FY,6240000,248347000,494992000,443777000,0.02512613399799474,31.782439768843346
SONC,2012-11-30,Q1,6133000,48646000,656807000,93456000,0.5042963450232291,95.36032272413817
TWI,2012-12-31,FY,93960000,594454000,1693107000,1820678000,0.15806101060805378,-17.219152345086098
AXS,2012-12-31,FY,547241000,5779761000,18852344000,3926565000,0.09468228876591955,36.57621884204995
ACM,2012-12-31,Q1,38978000,2049468000,5808025000,2017272000,0.07607437637474701,22.98319914307151
SLNM,2012-12-31,Q3,-2998000,-15641000,1396000,2721000,0.7667028962342561,399.9999668863098
NWFL,2012-12-31,FY,8403000,92421000,672299000,29414000,0.0909208946018762,1.5327823095796065
CVGW,2012-10-31,FY,16947000,110022000,207891000,551119000,0.15403282979767682,27.318927102284295
LGND,2012-12-31,FY,-527000,26485000,104260000,9432000,-0.01989805550311497,158.968156583654
USEG,2012-12-31,FY,-11245000,116117000,140827000,32534000,-0.09684197834942343,152.66665988498264
BRFH,2012-12-31,Q3,-1344401,60656,531480,7488,-88.65741229227118,56.41024772865164
CGNH,2012-10-31,FY,-1316459,-168819,382013,1297,7.798049982525663,-22.96296443468253
EFX,2012-12-31,FY,280800000,1933200000,4511100000,2160500000,0.1452513966480447,28.14116748487883
EPM,2012-12-31,Q2,3118798,50134836,61501241,9939604,0.2488328075911129,54.12053575146661
ONCI,2012-10-31,FY,-907401,-1734793,82449,0,0.5230600999658173,-98.6590048742859
USAP,2012-12-31,FY,14617000,198281000,376266000,250990000,0.07371861146554637,-1.0062521818833525
EVR,2012-12-31,FY,39479000,428506000,1145218000,657674000,0.0921317321111023,97.1844906466316
RYMM,2013-01-31,Q3,-1059578,-301032,1328086,0,14.079273964229717,348.10128074543536
HNDI,2012-11-30,Q2,-3288118,3145962,3338030,0,-4.180747256324139,-58.00003465189902
RBCL,2012-06-30,Q2,246876,10120987,19052456,12617370,0.09756993067968568,-30.43478012986349
CENX,2012-12-31,FY,-35610000,982643000,1776326000,719812000,-0.03623900032870534,16.438350944736317
CCUR,2012-12-31,Q2,998000,23976000,44323000,19063000,0.16649983316649983,40.42056530126074
CRK,2012-12-31,FY,-100060000,933534000,2567143000,456194000,-0.10718409827601351,18.386245775702054
MOS,2012-11-30,Q2,1061000000,13082400000,17440700000,5041300000,0.32440530789457594,-11.394746006158133
MFA,2012-12-31,FY,306839000,3311006000,13517550000,499157000,0.09267243852774655,-13.193584958332897
APD,2012-12-31,Q1,287200000,6299300000,17393100000,2562400000,0.18236946962360898,34.003816251767
ITIC,2012-12-31,FY,11190907,114638890,171918276,115079092,0.09761876619705581,33.23333740234375
X,2012-12-31,FY,-125000000,3477000000,15217000000,18025000000,-0.0359505320678746,23.773584845303635
STEV,2012-12-31,Q3,-1342473,619617,1759319,120939,-8.66646977084231,-34.838707909747804
SJM,2013-01-31,Q3,413878000,5260236000,9184454000,4558007000,0.31472200106611187,10.41408512125125
LKQ,2012-12-31,FY,261225000,1964094000,3723456000,4122930000,0.13300025355201942,53.83885543897628
RF,2012-12-31,FY,1120000000,15499000000,121347000000,3903000000,0.07226272662752435,38.00841507222712
LOAN,2012-12-31,FY,388610,8478985,14339351,1815567,0.04583213674749985,60.55045379912885
NRG,2012-12-31,FY,579000000,10533000000,35128000000,8422000000,0.054970093990316146,24.532402983030238
AWI,2012-12-31,FY,131300000,719100000,2854300000,2618900000,0.18258934779585592,12.891781932862681
PNFP,2012-12-31,FY,41883881,679071359,5040548616,185421558,0.06167817335379624,73.61995127149487
ARW,2012-12-31,FY,506717000,3983222000,10785687000,20405128000,0.1272128442753128,40.78255785857652
AP,2012-12-31,FY,8355000,192093000,533179000,292905000,0.043494557323796285,-2.2021953793285025
MSCC,2012-12-30,Q1,14214000,954843000,1917961000,247598000,0.059544867585561184,18.536119053360434
UNSS,2012-12-31,FY,-5663510,-9191918,6372883,649616,0.616140178796199,0.0
WAL,2012-12-31,FY,72834000,759616000,7622637000,318295000,0.09588265650012638,127.16050031223098
TCX,2012-12-31,FY,4424142,26550207,118773143,114726901,0.16663305110954502,115.97220635524566
EBAY,2012-12-31,FY,2609000000,20865000000,37074000000,14072000000,0.12504193625688953,5.901966436507389
CHUY,2012-12-30,FY,5457000,87463000,129721000,172640000,0.062392097229685695,63.96598396563562
OMEX,2012-12-31,FY,-18184113,-20758729,26896824,13197515,0.8759742949580391,-28.956228595844593
IMCB,2012-12-31,FY,3779000,114434000,972139000,35767000,0.033023402135728894,30.83164502670636
NSIT,2012-12-31,FY,92763000,705291000,2001503000,5301441000,0.13152443459508203,30.627515473735635
SGA,2012-12-31,FY,17925000,104209000,197330000,130259000,0.17201009509735243,47.75626890120967
QUAD,2012-12-31,FY,87100000,1235400000,4098900000,3638600000,0.07050348065403918,33.59490233701196
CALX,2012-12-31,FY,-28326000,269075000,377897000,330218000,-0.10527176437796154,23.40701821201693
RXMD,2011-12-31,FY,-254277,1117065,1877536,8237622,-0.2276295470720146,-79.99999970197678
RUSHA,2012-12-31,FY,62455000,607946000,1881566000,2149335000,0.10273116362308495,44.41218700167623
CERS,2012-12-31,FY,-15917000,19107000,48919000,36695000,-0.8330454807138745,93.35442935306855
TYL,2012-12-31,FY,32994000,145299000,338315000,363304000,0.2270765800177565,110.4665562315452
LXU,2012-12-31,FY,58604000,354497000,576612000,759031000,0.16531592650995636,11.97063430637476
HZO,2012-12-31,Q1,-4162000,198184000,363253000,99051000,-0.08400274492390909,78.29977996150953
SYK,2012-12-31,FY,1298000000,8597000000,13206000000,8657000000,0.15098290101198092,36.847860380687585
AVD,2012-12-31,FY,36826000,225077000,399890000,366190000,0.16361511838170936,-22.561957829853448
VLGEA,2013-01-26,Q2,14959000,230349000,418186000,740326000,0.25976236059197133,-9.993756143634192
HAYN,2012-12-31,Q1,5835000,305898000,637914000,114300000,0.07629994311829433,6.05359447524157
WTW,2012-12-29,FY,257426000,-1665459000,1218607000,934933000,-0.1545675996827301,33.10468648307061
CPSI,2013-01-31,Q1,-4707,-28855,24,0,0.6525038988043667,8.040295558187148
NWPX,2012-12-31,FY,16244000,259432000,422422000,524503000,0.0626137099509698,58.75943042382469
MCHP,2012-12-31,Q3,67699000,1927086000,3843524000,1151479000,0.1405209731169237,36.42221195553507
OCC,2013-01-31,Q1,111232,30194508,46278548,17295453,0.014735394926786024,-7.451921974766143
FMCB,2012-12-31,FY,23349000,205033000,1974686000,78491000,0.11387922919725117,2.7160493827160495
CNA,2012-12-31,FY,628000000,12314000000,58522000000,9547000000,0.05099886308267013,52.69546629157974
JLL,2012-12-31,FY,208843000,1951183000,4351499000,3932830000,0.10703404037448051,22.468429904462607
QCCO,2012-12-31,FY,5373000,82346000,131700000,180565000,0.06524907099312656,-46.91357952013846
CLW,2012-12-31,FY,64131000,540894000,1633456000,1874304000,0.11856482046389866,33.73339922355908
ABMC,2012-12-31,FY,-1111000,1364000,4779000,9343000,-0.8145161290322581,-3.8461503192516595
MCET,2012-11-30,FY,-1358600,-539134,211045,49318,2.519967206668472,-46.15384822039032
NTWK,2012-12-31,Q2,3152108,64117827,98554138,22879569,0.19664471785670465,-7.345569235325117
DYSL,2012-12-31,Q1,-379342,18573613,36379675,10553275,-0.08169482157294868,-6.451616314521787
NNBR,2012-12-31,FY,24268000,128560000,265343000,370084000,0.1887678904791537,121.83406149908443
PB,2012-12-31,FY,167901000,2089389000,14583573000,419842000,0.08035889918057385,50.666663760230655
IDCC,2012-12-31,FY,271804000,518705000,1056609000,663063000,0.524004973925449,-27.451936346452122
AEL,2012-12-31,Q4,57798000,1720237000,35133478000,1588558000,0.13439543504761262,113.1040161873132
UNP,2012-12-31,FY,3943000000,19877000000,47153000000,20926000000,0.19836997534839262,32.0792248166263
RBC,2012-12-29,FY,200300000,1953400000,3569100000,3166900000,0.10253916248592199,40.98261787125111
JCI,2012-12-31,Q1,384000000,11858000000,31232000000,8357000000,0.12953280485748017,40.78632908696488
IEP,2012-12-31,Q4,727000000,4669000000,24556000000,14619000000,0.6228314414221461,135.88367033950038
CLH,2012-12-31,FY,129674000,1432072000,3825806000,2187908000,0.09054991648464603,7.816766375131142
CRMZ,2012-12-31,FY,529817,3929011,12709948,11062619,0.1348474208903971,2.9411689632916795
WM,2012-12-31,FY,860000000,6354000000,23097000000,12327000000,0.13534781240163676,33.017186827107054
LINC,2012-12-31,FY,-37186000,198477000,346774000,402697000,-0.18735672143371776,-11.627908365378383
SSY,2012-12-31,Q2,2511000,31847000,77704000,59557000,0.3153829246082834,-26.050424124593135
GPS,2013-02-02,FY,1135000000,2894000000,7470000000,15651000000,0.3921907394609537,16.84566324873383
CNO,2012-09-30,Q3,119800000,5066200000,34156000000,3281900000,0.09458765938968063,46.836735339325585
CBZ,2012-12-31,FY,31146000,295232000,970156000,766094000,0.10549669412529807,56.175969213907706
SNCR,2012-12-31,FY,27083000,374657000,452439000,273692000,0.07228745225633046,47.74775093437073
HES,2012-12-31,FY,2063000000,21090000000,43441000000,37691000000,0.09781887150308204,55.985653395851344
WPC,2012-12-31,FY,62779000,1987146000,4609042000,373995000,0.03159254528856964,18.159161565889775
MELI,2012-12-31,FY,101346147,289813626,478669276,373601494,0.34969421003000045,36.06619108976111
LBAS,2012-08-31,FY,-7963485,72139,5487298,835025,-110.39084267871748,-43.04348048618471
LIXT,2012-12-31,FY,-3579366,1491858,1753010,0,-2.3992672224836413,-48.00000190734863
WRB,2012-12-31,FY,510643000,4306217000,20155896000,5823554000,0.1185827374700346,14.626400533906022
MTDR,2012-12-31,FY,-33261000,379104000,632029000,165156000,-0.08773581919473285,132.3170692703682
SALM,2012-12-31,FY,4428000,206069000,559227000,229179000,0.021487948211521384,62.08791794208961
STAF,2012-11-30,Q2,-424507,-638587,121617,234484,2.6590394104483805,37.58389261744966
MIDD,2012-12-29,FY,120697000,650027000,1244280000,1038174000,0.1856799794470076,89.14281424680053
CPWR,2012-12-31,Q3,46402000,1050092000,2084924000,704625000,0.17675403678915752,-33.33333103647105
STZ,2012-11-30,Q3,306100000,2775300000,8322700000,2383400000,0.4411775303570785,96.23746255871556
USB,2012-12-31,FY,5490000000,40267000000,353855000000,12883000000,0.1363399309608364,26.08014960683478
CVX,2012-12-31,FY,26336000000,136524000000,232982000000,230590000000,0.19290381178400867,14.878864488716975
DXPE,2012-12-31,FY,50985000,208493000,569732000,1097110000,0.24454058409634855,128.3064998492623
BAC,2012-12-31,FY,4188000000,236956000000,2209974000000,57400000000,0.01767416735596482,33.850132828518426
QLYS,2012-12-31,FY,2280000,91555000,170318000,91420000,0.02490306373218284,56.862750661107796
SBAC,2012-12-31,FY,-181390000,652991000,6595617000,954084000,-0.27778330788632616,25.866430138966113
QCRH,2012-12-31,FY,13106240,140433821,2093730492,77375873,0.09332680622568833,28.59303824976961
DJCO,2012-12-31,Q1,834000,95257000,158455000,7693000,0.0350210483219081,85.84548279680817
EA,2012-12-31,Q3,-225000000,1958000000,5039000000,2588000000,-0.45965270684371806,57.644618925679346
HFWA,2012-12-31,FY,13261000,198938000,1345540000,69109000,0.06665895907267591,16.33764901810819
SGBI,2012-12-31,Q2,-696300,-229425,1595304,48043,12.139915004903564,-37.14285641300434
MTD,2012-12-31,Q4,290847000,827219000,2117400000,1852192000,1.4063845245334066,25.090532454370262
GCFB,2012-12-25,FY,-4105481,1508302,71766785,120931643,-2.721922400155937,-50.70423023935433
ETCC,2012-11-23,Q3,4190000,23595000,66923000,47720000,0.7103199830472557,8.823527761809187
CPF,2012-12-31,FY,47421000,514779000,4370368000,128445000,0.09211914238925831,28.415652737760976
IRDM,2012-12-31,FY,64631000,876558000,1916341000,273491000,0.07373271363674737,-6.398807169104982
WDFC,2012-11-30,Q1,10944000,185616000,307105000,95264000,0.23584173778122575,59.314139420396984
AET,2012-12-31,FY,1657900000,10405800000,41494500000,36595900000,0.15932460743047147,47.16043944059126
DUK,2012-12-31,FY,1768000000,40863000000,113856000000,19624000000,0.04326652472897242,8.322886264560498
BGC,2012-09-28,Q3,26900000,1384800000,5148600000,4411200000,0.07770075101097632,15.714293712778366
UFPI,2012-12-29,FY,26010000,599768000,860540000,2054933000,0.04336676848381374,36.777065246363854
VNDA,2012-12-31,FY,-27664000,9905000,135448000,32727000,-2.792932862190813,241.35135004518676
OMI,2012-12-31,FY,109003000,972526000,2207701000,8908145000,0.11208235049757025,28.51630689406508
SOMC,2012-12-31,FY,4350000,54635000,528860000,19991000,0.07961929166285349,3.636365948301373
BRKL,2012-12-31,FY,38369000,612097000,5147534000,213200000,0.06268450915459478,12.470593171961166
WYNN,2012-12-31,FY,728699000,-259037000,7276594000,5154284000,-2.813107779969657,71.82860428196979
PSSR,2013-01-31,Q1,12318,10373611,17930683,2674526,0.004749744327216434,-33.89422834448552
ECL,2012-12-31,FY,701300000,6077000000,17572300000,11838700000,0.11540233667928254,44.79832879124396
BLMN,2012-12-31,FY,61304000,214288000,3016553000,3946116000,0.28608228178899425,53.51662213442674
EDGW,2012-12-31,FY,1447000,32675000,51789000,100881000,0.04428462127008416,86.05263843100495
TKR,2012-12-31,FY,495900000,2232200000,4244700000,4987000000,0.22215751276767315,15.199669756478828
RAIL,2012-12-31,FY,19095000,211331000,388565000,677449000,0.09035588721011115,19.045497070620478
CVS,2012-12-31,FY,3875000000,37704000000,65912000000,123133000000,0.10277424145979207,48.04551001044446
SGMO,2012-12-31,FY,-22264000,64896000,82533000,21655000,-0.34307199211045364,134.27619613128778
DWSN,2012-12-31,Q1,2928000,204517000,283179000,76629000,0.057266633091625635,-8.33332762758928
CLRO,2012-12-31,FY,26647000,66668000,91939000,46417000,0.3996970060598788,118.4538585755769
MSFT,2012-12-31,Q2,6377000000,72576000000,128683000000,21456000000,0.35146604938271603,39.61064093485936
OPK,2012-12-31,FY,-29048000,179386000,289830000,47044000,-0.16193013947576734,76.09148373782045
FMCC,2012-12-31,FY,1214000000,9653000000,105744000000,7882000000,0.12576401118823163,1026.9231439342186
NBHC,2012-12-31,FY,-543000,1090559000,5410775000,233485000,-0.000497909787549321,12.74354979179366
BBW,2012-12-29,FY,-49295000,83137000,192102000,374553000,-0.5929369594765267,102.61779859633869
INTT,2012-12-31,FY,2156000,27820000,32399000,43376000,0.0774982027318476,39.130432153544334
NWN,2012-12-31,FY,59855000,733033000,2818753000,730607000,0.08165389552721365,-2.8054336132647895
MSCI,2012-12-31,FY,184238000,1425231000,3019639000,950141000,0.12926886939731175,40.81961830254587
GEF,2013-01-31,Q1,26200000,1215200000,3942900000,1008600000,0.08624094799210007,9.046402812709973
NWLI,2012-12-31,FY,92558000,1391680000,10263858000,664662000,0.06650810531156588,40.42094097023414
KFY,2013-01-31,Q3,21096000,658223000,1063390000,584929000,0.12819971347096654,39.98835162892899
WEX,2012-12-31,FY,21000,3937000,4530000,3713000,0.005334010668021336,30.595723388957293
BRID,2012-11-02,FY,3651000,20144000,61550000,127355000,0.1812450357426529,39.06705213088165
ROP,2012-12-31,FY,483360000,3687726000,7071104000,2993489000,0.1310726447680766,24.291346776296894
MCBC,2012-12-31,FY,35490000,130507000,1560718000,57276000,0.2719394361988246,74.74048468597924
FNRN,2012-12-31,FY,4646000,92325000,831483000,28259000,0.050322231248307606,41.23078678640426
ARII,2012-12-31,FY,63823000,369465000,809758000,633547000,0.1727443736213173,43.42892838984788
HEES,2012-12-31,FY,28836000,48636000,942399000,837315000,0.5928941524796447,91.90445031147877
SIG,2013-02-02,FY,359900000,2329900000,3715800000,3983400000,0.1544701489334306,26.752716984162017
FCEL,2013-01-31,Q1,-11879000,6254000,209636000,29065000,-7.597697473616885,30.275221063349733
PVSP,2012-11-30,FY,3173931,-12105494,178076,999822,-0.26218930016404124,-33.33332902165467
MATW,2012-12-31,Q1,8003000,489872000,1235035000,225609000,0.06534768265996015,30.654207539981236
VUZI,2012-12-31,FY,322840,-6209565,2425948,2692152,-0.05199075941712503,-1.0666656494140625
AKAM,2012-12-31,FY,203989000,2345754000,2600627000,1373947000,0.0869609515746323,14.739669522825288
SDON,2012-12-31,FY,-16316,2637,8116,0,-6.187334091770952,1100.0
AZZ,2012-11-30,Q3,47222557,327368640,674464532,430202771,0.5769954874113782,28.22665907062884
ARC,2012-12-31,FY,-31465000,103896000,415839000,406118000,-0.3028509278509279,217.57813656877286
PANW,2013-01-31,Q2,-6128000,243520000,490149000,117458000,-0.10065703022339027,12.21098680384142
FIS,2012-12-31,FY,481100000,6640900000,13549700000,5807600000,0.072444999924709,53.08818963855499
NRIM,2011-12-31,FY,11827000,125383000,1085258000,45908000,0.0943269821267636,26.745495150813177
PEGA,2012-12-31,FY,21868000,236479000,439492000,461710000,0.09247332744133728,120.23809563856315
IMAX,2012-12-31,Q4,41337000,253079000,421872000,78161000,0.6533453980772802,29.982205998068558
AVA,2012-12-31,FY,78800000,1259477000,4313179000,1547002000,0.06256565225089462,16.673572993146518
DXLG,2013-02-02,FY,6126000,161212000,245945000,399640000,0.03799965263131777,19.555558098687065
MXL,2012-12-31,FY,-13252000,80233000,110597000,97728000,-0.16516894544638738,105.77689169232833
NSYS,2012-12-31,FY,629438,21135231,44514899,106937387,0.029781458267477655,85.9999974568685
ATSG,2012-12-31,FY,40874000,299256000,1035611000,607438000,0.13658539845483467,100.74812297403675
NTRS,2012-12-31,FY,687300000,7527000000,97463800000,1287700000,0.09131127939418095,23.046254801548663
CWST,2013-01-31,Q3,-40946000,24247000,673153000,356531000,-6.75481502866334,15.198239273527031
RSG,2012-12-31,FY,572100000,7703300000,19616900000,8118300000,0.07426687263899887,13.501537681971174
MPC,2012-12-31,FY,3393000000,11694000000,27223000000,82492000000,0.2901487942534633,40.476190476190474
RFIL,2012-10-31,FY,2612422,20230305,25463418,30232653,0.129134088685267,114.51247994256329
SFRX,2011-12-31,FY,-1516309,-215498,260686,0,7.036301961039082,15.384616073463441
SUP,2012-12-31,FY,30891000,466905000,599601000,821454000,0.06616121052462492,0.588239419006636
AWX,2012-12-31,FY,-326000,39857000,50155000,48891000,-0.008179240785809267,36.12565183609459
MUR,2012-12-31,FY,970876000,8942035000,17522643000,28616331000,0.10857439050506959,24.725643383614273
CBU,2012-12-31,FY,77068000,902778000,7496800000,281400000,0.08536760975566529,45.06578121819343
NXST,2012-12-31,FY,182492000,2954000,945815000,378632000,61.777928232904536,427.28988997174093
UEIC,2012-12-31,FY,16553000,250650000,379324000,463090000,0.06604029523239577,97.15762673789274
HON,2012-12-31,FY,2931000000,12975000000,41853000000,29812000000,0.22589595375722543,43.37482613791368
DDD,2012-12-31,FY,38941000,480333000,677442000,229980000,0.08107084043777962,158.52858363110855
PFG,2012-12-31,FY,824700000,9753200000,161926500000,9215100000,0.08455686338842636,72.37026317799321
GILD,2012-12-31,FY,2573599000,9309739000,21239838000,9398371000,0.2764415844525824,104.43840694496178
CF,2012-12-31,FY,1923400000,5902200000,10166900000,6104000000,0.32587848598827557,14.10710387849149
PRMW,2012-12-31,FY,-111029000,41613000,81743000,91479000,-2.668132554730493,0.871739113652923
ZPCM,2012-12-31,FY,-232077,952352,972510,0,-0.24368825812304695,57.14286322496386
VSRV,2012-12-31,Q3,-948312,1053914,2119351,3438522,-3.59920069379475,-32.307690191550996
FNLC,2012-12-31,FY,12688000,156323000,1414999000,51825000,0.08116527958137958,5.646632325125249
MTRN,2012-12-31,FY,24664000,414995000,814917000,1273078000,0.059432041349895784,16.33048476470177
ANGO,2012-11-30,Q2,1248000,526688000,778947000,170423000,0.009478097089738137,46.58443894860211
GEO,2012-12-31,FY,133898000,1046812000,2839194000,1479062000,0.1279102646893616,15.354613663475103
AIT,2012-12-31,Q2,56575000,722112000,1037626000,1200036000,0.3133862891075069,17.424431806676473
MITL,2013-01-31,Q3,2100000,78900000,689100000,142000000,0.10646387832699619,142.42424003587706
VGR,2012-12-31,FY,30622000,-79252000,1086731000,1084546000,-0.386387725230909,16.43915012478068
CVR,2012-12-31,FY,1745741,23000736,25911503,34223772,0.07589935382937311,64.42158502724517
AEGY,2013-01-31,Q2,-613311,-767968,495,1870,3.194461227551148,514.2857570505279
MKL,2012-12-31,FY,258248000,3888657000,12556588000,3000112000,0.06641058853995094,33.565596068300735
AGCO,2012-12-31,FY,516400000,3448200000,7721800000,9962200000,0.1497592947044835,19.157166229708306
HLF,2012-12-31,FY,477190000,420755000,1703944000,3476926000,1.1341279366852444,136.5513097069921
FDBC,2012-12-31,FY,4902000,58946000,601525000,23994000,0.08316085909137176,29.268298980240733
MGIC,2013-01-31,Q2,-23124,12657,20954,0,-7.307892865607964,75.71114729415791
CGA,2012-06-30,FY,41957825,242256654,288031053,217524205,0.1731957587427093,-20.949721116853876
HBSI,2012-12-31,FY,2022000,30472000,592496000,25154000,0.06635599894985561,80.78511826743392
UAL,2012-12-31,FY,-723000000,481000000,37628000000,37152000000,-1.503118503118503,59.53806918715701
VMI,2012-12-29,FY,238916000,1349912000,2568551000,2721512000,0.17698635170292581,9.066268288057772
BMY,2012-12-31,FY,2501000000,13623000000,35897000000,17621000000,0.18358658151655288,63.91530505931392
EEFT,2012-12-31,FY,20397000,522376000,1551536000,1267601000,0.039046587132640094,105.50847125443812
WASH,2012-12-31,FY,35074000,295652000,3071884000,121061000,0.11863271684277461,41.5051322613275
LSCC,2012-12-29,FY,-29606000,357550000,428759000,279256000,-0.08280240525800588,34.58646297553676
BSX,2012-12-31,FY,-4068000000,6870000000,17154000000,7249000000,-0.5921397379912664,109.77313119987124
DAKT,2013-01-26,Q3,20935000,185674000,306585000,393840000,0.4510055258140612,20.47578380358037
RCON,2012-09-30,Q1,-369164,12274343,23219370,9054192,-0.12030428023723959,26.086953624402927
CAFI,2012-12-31,FY,4163000,59727000,764259000,31623000,0.06970047047398999,1718.181787394295
T,2012-12-31,FY,7539000000,92695000000,272315000000,127434000000,0.08133124764011004,4.420053318838097
ALTX,2012-12-31,Q1,-70000,2815000,3063000,28000,-0.0994671403197158,1.0869587224068356
SKPI,2012-12-31,FY,-1946450,10775216,11962233,0,-0.18064139039068916,-43.74999650754027
MNRO,2012-12-29,Q3,34440000,355301000,669864000,536088000,0.38772758872054963,56.36102380786343
EXPO,2012-12-28,FY,37225000,216429000,315417000,266562000,0.17199635908311733,45.99627637246874
CFR,2012-12-31,FY,237952000,2417482000,23124069000,631612000,0.09842968841133047,36.68693510129473
PRPH,2012-12-31,FY,-1091000,11451000,16661000,22406000,-0.0952755217884901,18.382352747822306
DIMC,2012-12-31,FY,6614000,59937000,603605000,26057000,0.11034919999332633,19.99999368601865
VIDA,2012-12-31,Q2,45136,-1132218,62328,497211,-0.15946045726176408,-81.25000072759573
FONU,2012-12-31,Q1,-253518,-361745,164870,68754,2.803278552571563,39.16667671115337
WOR,2012-11-30,Q2,32622000,776146000,1820835000,622622000,0.16812300778461783,77.97114108549505
PLPC,2012-12-31,FY,29286000,241069000,333064000,439192000,0.12148389050437841,25.799398019952495
HVT,2012-12-31,FY,14911000,259428000,402096000,670073000,0.05747644818600922,91.47762455448907
MDXG,2012-12-31,FY,-7662376,20007302,35182608,27053773,-0.3829789743764552,126.56250009701277
SHW,2012-12-31,FY,631034000,1791804000,6234737000,9534462000,0.3521780284004277,18.482639345875903
LIQT,2012-12-31,FY,-2773890,14553361,19040149,16921838,-0.19060133257190556,54.34783491310118
CPRT,2013-01-31,Q2,85485000,667503000,1253946000,412099000,0.5122673605961322,-3.815090330565668
RBCL,2012-09-30,Q3,-82128,9789058,17729861,19330438,-0.03355910241823064,-0.6666660308837891
NVEC,2012-12-31,Q3,8719883,90826825,92599275,18025002,0.38402236343723345,6.32546083143349
THO,2013-01-31,Q2,50884000,803912000,1208994000,1617212000,0.2531819403118749,24.073186341788883
HCSG,2012-12-31,FY,44214000,229570000,331183000,1077435000,0.1925948512436294,22.126566501439747
ACCA,2011-09-30,Q3,-230361,13351,1129064,1177021,-69.01685267021197,42.857144377669506
CSBR,2013-01-31,Q3,-4284000,-7601000,13012000,6481000,2.254440205236153,90.19608759779253
ORCL,2013-02-28,Q3,7119000000,43348000000,79450000000,3283000000,0.6569161206976101,13.7558377733221
JJSF,2012-12-29,Q1,10226000,482190000,606238000,191408000,0.08482963147307078,38.791487444671816
CLEV,2013-01-31,Q2,-36341,-119853,76383,54879,1.2128524108699823,15.384624201870853
TTMI,2012-12-31,FY,-181100000,653947000,1676962000,1348668000,-0.27693375762867634,-6.52882976269282
THRO,2012-08-31,Q1,-14203,-92392,24,0,0.6149017230929085,0.0
PBHC,2012-12-31,FY,2648000,40747000,477796000,18765000,0.06498637936535205,36.01941082071517
EZPW,2012-12-31,Q1,32155000,912109000,1337346000,95582000,0.1410138481256078,-43.13725104736362
DAL,2012-12-31,FY,1009000000,-2131000000,44550000000,36670000000,-0.47348662599718444,129.0648761263822
PRGS,2012-11-30,FY,47444000,638399000,884977000,221935000,0.07431715901810623,30.979608916717062
MLI,2012-12-29,FY,83673000,506908000,1104155000,2189938000,0.16506545566453873,25.404763560437065
ELON,2012-12-31,FY,-13181000,82198000,123583000,129475000,-0.16035669967639116,-9.795916810327647
KMT,2012-12-31,Q2,90355000,1719991000,3100539000,1262603000,0.21012900648898744,29.42500114440918
PKOH,2012-12-31,FY,31786000,101751000,726620000,1134042000,0.31239005022063665,137.9164806830152
THS,2012-12-31,FY,88363000,1179255000,2525873000,2182125000,0.0749312065668579,34.126216643627004
SBGI,2012-12-31,FY,144953000,-116950000,2729697000,1061679000,-1.2394442069260367,175.03961489089158
TTNP,2012-12-31,FY,-15180000,-23128000,24827000,7117000,0.6563472846765825,-43.636361688619154
MITK,2012-12-31,Q1,-1359642,12895186,17939206,3309664,-0.42175180722480465,80.06230969221276
ALCO,2012-12-31,FY,398415,11261452,13443289,6006543,0.03537865277053084,6.224402710382423
BGMD,2012-12-31,FY,-23769000,309000,15241000,2570000,-76.92233009708738,-56.277055606851675
FHN,2012-12-31,FY,-16295000,2214041000,25520140000,798953000,-0.0073598456397148924,17.35620881445289
FITB,2012-12-31,FY,1574000000,13716000000,121894000000,4107000000,0.1147564887722368,37.631581176351006
ADES,2012-12-31,FY,-11125000,-40137000,75749000,3020000,0.2771756733188828,214.0995443945021
SCI,2012-12-31,FY,154135000,1343027000,9683568000,2410481000,0.11476686619107435,30.91961893081442
AN,2012-12-31,FY,316400000,1688500000,7203000000,15668800000,0.1873852531832988,25.541559684588922
EVC,2012-12-31,FY,13601000,5401000,438051000,223253000,2.5182373634512127,266.26506300965116
ZEUS,2012-12-31,FY,2277000,289857000,705994000,1383701000,0.007855597760274894,30.487805718531156
ABCB,2012-12-31,FY,14435000,279017000,3019052000,129479000,0.051735198930531114,70.05604611966024
LOPE,2012-12-31,FY,69447000,234059000,494923000,511257000,0.2967072404821007,85.68386495971284
MORN,2012-12-31,FY,107962000,725517000,1041952000,658288000,0.14880698867152664,26.32500466895132
H,2012-12-31,FY,87000000,4821000000,7640000000,3949000000,0.01804604853764779,29.115892224762717
STLY,2012-12-31,FY,30384000,87239000,110716000,98570000,0.34828459748506974,-17.7777749520761
TXHG,2012-09-30,FY,-499501,-1510389,1221530,2322525,0.33071016804280223,126.74417002917421
CHMP,2013-01-31,Q1,-3541877,-4919251,43815842,7209019,2.8800132377876224,354.54545454545456
PNRG,2012-12-31,FY,15056000,44202000,228086000,120979000,0.34061807158047147,119.56521739130434
IMPV,2012-12-31,FY,-7892000,85335000,153957000,59490000,-0.09248256869983008,54.83665915523391
SPTN,2013-01-05,Q3,19708000,329343000,794561000,2015351000,0.23936139526268965,51.52478226354784
CDTI,2012-12-31,FY,-9660000,11446000,35441000,60537000,-0.8439629564913507,-28.110599078341014
HIG,2012-12-31,FY,-38000000,22447000000,298513000000,26412000000,-0.0016928765536597318,61.541885638472614
UIS,2012-12-31,FY,156800000,-1600200000,2420400000,3192400000,-0.09798775153105861,94.21965292427429
DIN,2012-12-31,FY,127674000,308805000,2415400000,14489000,0.4134453781512605,25.71642292079641
SNX,2012-11-30,FY,152503000,1319023000,2963262000,10285507000,0.11561815070700056,100.36342442434405
WERN,2012-12-31,FY,103034000,714897000,1334900000,2036386000,0.14412425845961027,14.167049764723663
GROW,2012-12-31,Q2,214785,37517514,39815564,10468767,0.022899704921813317,-36.15960606831732
ROCK,2012-12-31,FY,12645000,476822000,883674000,790058000,0.0265193300644685,15.235105834232746
HUBG,2012-12-31,FY,67953000,500897000,919853000,3124108000,0.13566262125746412,18.571434410251182
LFVN,2012-12-31,Q2,4373000,35033000,54828000,106297000,0.4993006593783005,-24.20091361129031
PXD,2012-12-31,FY,242822000,5689354000,13069030000,2811660000,0.04268006525872709,70.46627562707913
GSM,2012-12-31,Q2,10568000,503292000,947017000,380648000,0.08399100323470272,29.8181845925071
PKBK,2012-12-31,FY,8069000,83637000,770477000,37746000,0.09647643985317503,98.97381366160126
UNM,2012-12-31,FY,894400000,8612600000,62236100000,10515400000,0.1038478508232125,67.86744128352655
CBI,2011-09-30,Q3,-2208000,1697000,62233000,2491000,-5.20447849145551,-39.99999894036187
GPC,2012-12-31,FY,648041000,2997887000,6807061000,13013868000,0.21616591952932182,30.78011816801419
QNST,2012-12-31,Q2,-63628000,275564000,427372000,150377000,-0.9236039540723752,29.46428691803602
PLCE,2013-02-02,FY,63243000,620949000,923410000,1809486000,0.10184894411618345,6.641018059992778
AXL,2012-12-31,FY,366700000,-120800000,2866000000,2930900000,-3.035596026490066,80.17857722177807
ATI,2012-12-31,FY,167800000,2479600000,6247800000,5031500000,0.06767220519438619,16.831358720754615
TSN,2012-12-29,Q1,168000000,6034000000,11874000000,8402000000,0.11136890951276102,72.52578288060184
ARCT,2012-12-31,Q4,-6372000,141140000,367850000,15422000,-0.18058665155165085,129.6688756062193
AAPL,2012-12-29,Q1,13078000000,127346000000,196088000000,54512000000,0.4107863615661269,5.246443554744244
UVSP,2012-12-31,FY,20872000,284277000,2304841000,80654000,0.0734213460814628,21.228064794081643
VOXX,2012-11-30,Q3,12222000,435196000,850302000,628787000,0.11233559131977316,164.68843855210162
PLBC,2012-12-31,FY,1950000,41850000,477802000,18425000,0.04659498207885305,89.570547436119
FRT,2012-12-31,FY,156232000,1286812000,3898565000,608018000,0.12141012051488485,-2.5475812170784318
GDOT,2012-12-31,FY,47219000,327764000,725728000,546285000,0.14406402167413138,101.39344327009611
SAIA,2012-12-31,FY,32048000,254519000,519688000,1098679000,0.1259159434069755,107.35294053953919
AHRO,2012-06-30,Q2,891113,-1036544,465803,0,-3.43878503951593,0.0
TALN,2012-12-31,FY,679347,-16028438,18975816,44600872,-0.04238385549483986,399.9999925494195
EXPE,2012-12-31,FY,280171000,2280259000,7085195000,4030347000,0.12286806016334109,12.044267377253389
GEOS,2012-12-31,Q1,22013000,239074000,294099000,77751000,0.3683043743778077,8.439293089015294
VALU,2013-01-31,Q3,5095000,32857000,83334000,26693000,0.620263566363332,29.235535480230173
USM,2012-12-31,FY,141076000,3733855000,6587450000,4098856000,0.03778293479527191,18.757084224809496
SSNF,2012-12-31,FY,-528000,24935000,147440000,5940000,-0.02117505514337277,76.32849591652337
FMAO,2012-12-31,FY,9788000,110239000,946660000,33273000,0.08878890410834642,12.5
CRI,2012-12-29,FY,161150000,985479000,1630109000,2381734000,0.1635245398430611,27.70889082864545
CMG,2012-12-31,FY,278000000,1245926000,1668667000,2731224000,0.22312721622311438,78.86102108212138
HDSN,2012-12-31,FY,12801000,32696000,57232000,56447000,0.3915157817470027,-0.27472500480930867
WOLF,2012-12-31,FY,-13085000,254110000,881594000,207186000,-0.05149344771949156,81.10653838895611
ITEX,2013-01-31,Q2,606000,11458000,13412000,7671000,0.211555245243498,15.942027383029947
NOW,2012-12-31,FY,-37348000,243405000,478114000,39186000,-0.15343974035044472,84.8484750325656
JXSB,2012-12-31,FY,3567024,44120329,321446238,12791233,0.08084762921872138,14.004028188303566
ESE,2012-12-31,Q1,246000,621193000,1078831000,145265000,0.0015840487577934716,-7.885594159240618
IDT,2013-01-31,Q2,7663000,95905000,441117000,812270000,0.3196079453625984,99.79041152023512
INVE,2012-12-31,FY,-53568000,50463000,104905000,77651000,-1.061530230069556,-60.66666603088379
OESX,2012-12-31,Q3,-10948000,76860000,109369000,53171000,-0.5697632058287796,306.02409076164616
ONCI,2013-01-31,Q1,-314367,-1807834,97348,0,0.6955660752038074,-98.85057563711607
FARM,2012-12-31,Q2,-4420000,66218000,250137000,254858000,-0.26699688906339664,63.478861078932766
JSDA,2012-12-31,FY,-2903000,4784000,7020000,16365000,-0.606814381270903,53.33333002196431
QBAK,2012-12-31,Q2,-3619000,21466000,25514000,6808000,-0.6743687692164353,-16.083917560745608
AZTA,2012-12-31,FY,1172483,5000008,100582083,0,0.23449622480604032,30.06211203670829
ENZN,2012-12-31,FY,-2783000,77468000,199781000,42600000,-0.03592451076573553,-74.04063158644804
ATOS,2012-09-30,Q3,-3374249,3401577,5692474,383386,-3.9678643170505916,16.45833474618417
IP,2012-12-31,FY,799000000,6304000000,32153000000,27833000000,0.126744923857868,22.991973080239465
NOV,2012-12-31,FY,2483000000,20239000000,31484000000,16641000000,0.12268392707149563,15.113392547945917
WHR,2012-12-31,FY,425000000,4260000000,15396000000,18143000000,0.09976525821596244,54.33905974067107
ONSM,2012-12-31,Q1,-715368,9457668,17567089,4279717,-0.30255576744711277,-9.841266207023395
SF,2012-12-31,FY,138573000,1494661000,6966140000,109776000,0.09271199288668133,48.576795466392824
OGE,2012-12-31,FY,385000000,2767200000,9922200000,3671200000,0.13912980630239954,20.156281321282115
EQIX,2012-12-31,FY,147782000,2335273000,6132964000,1895744000,0.06328253698818083,-16.066920521021792
SWN,2012-06-30,Q2,-297428000,3598845000,7639210000,1256197000,-0.330581617157727,14.514104125810393
TEX,2012-12-31,FY,103600000,2007700000,6746200000,7348400000,0.051601334860785976,47.990030490436254
EWD,2012-12-31,FY,1532000,159940000,201973000,19478000,0.009578591971989497,18.278146749379072
DENN,2012-12-26,FY,22309000,-4460000,324885000,353710000,-5.002017937219731,53.846157659020975
ENGT,2012-12-31,FY,-353976,4796486,13065758,7124671,-0.07379902703771052,-33.33333333333333
ANSS,2012-12-31,FY,203483000,1940291000,2607417000,798018000,0.10487241346787672,28.63083970475805
OIS,2012-12-31,FY,449848000,2464405000,4439962000,2429139000,0.1825381785867177,40.98405936221212
BKH,2012-12-31,FY,81528000,1232509000,3729471000,1173884000,0.06614799567386526,44.22124278301584
SFST,2012-12-31,FY,3862000,64125000,797998000,34698000,0.06022612085769981,57.31183827881343
NBIX,2012-12-31,FY,5025000,154372000,195979000,53140000,0.032551239862151166,26.06952247499904
GD,2012-12-31,FY,-332000000,11390000000,34309000000,19784000000,-0.029148375768217733,37.28887409097362
AEIS,2012-12-31,FY,20581000,387631000,538160000,451931000,0.05309430876271506,63.07023731711604
NWL,2012-12-31,FY,401300000,1996700000,6222000000,5902700000,0.20098161967245956,45.26267538913937
SAVE,2012-12-31,FY,108460000,582535000,919884000,1318388000,0.18618623773678836,154.65314546863226
PTC,2012-12-31,FY,-315000,72822000,123765000,90524000,-0.0043256158853093845,52.37671651842702
GCEH,2012-12-31,FY,-3275915,-1773410,19481729,1136083,1.8472406268150061,26.31578823536055
SLCA,2012-12-31,FY,79154000,231694000,686810000,441921000,0.34163163482869646,103.4668371005655
OTEX,2012-12-31,Q2,80537000,1270339000,2577205000,678374000,0.2535921513863622,65.77205678595678
CPLA,2012-12-31,FY,36291000,152102000,212888000,421890000,0.23859646815952454,135.06908142547792
GIGA,2012-12-29,Q3,-2636000,4342000,9309000,11409000,-2.4283740211883926,-21.96969696969697
DE,2013-01-31,Q1,649600000,7483700000,28476200000,6792800000,0.34720793190534094,-7.952366491270077
FBMS,2012-12-31,FY,4048767,65885466,721385280,26330929,0.061451595409524766,52.653927791668934
TG,2012-11-30,Q3,-29935,296921,346069,0,-0.403272250868076,38.88594045288045
SSNC,2012-12-31,FY,45820000,1075503000,2362905000,551842000,0.04260332142262736,89.25942171568857
MEI,2013-01-26,Q3,30387000,282912000,411084000,371478000,0.42963182897862234,238.7129721820312
TBI,2012-12-28,FY,33629000,333674000,601743000,1389530000,0.10078399875327415,66.79536769576144
BCRX,2012-12-31,FY,-39081000,-454000,57439000,26293000,86.08149779735683,438.0281758719887
HTLD,2012-12-31,FY,61541000,290364000,467737000,545745000,0.21194431816616385,49.655699484738584
DAR,2012-12-29,FY,130770000,1062436000,1552416000,1701429000,0.1230850611236818,29.488773517821343
CINF,2012-12-31,FY,421000000,5453000000,16548000000,4111000000,0.07720520814230698,33.42696681203625
KALU,2012-12-31,FY,85800000,1070800000,1752500000,1360100000,0.08012700784460217,13.113957420458242
TRAK,2012-12-31,FY,20454000,571317000,910516000,388872000,0.03580149024096955,238.66666158040366
LLY,2012-12-31,Q4,4088600000,14773900000,34398900000,22603400000,1.1069791998050615,3.7510107168861926
OSK,2012-12-31,Q1,46500000,1787900000,4603900000,1761000000,0.10403266401924045,68.93760808443076
CMCSA,2012-12-31,FY,7865000000,49356000000,164971000000,62570000000,0.15935245968068726,38.838324637266815
GEVO,2012-12-31,FY,-60712000,97831000,156111000,19908000,-0.620580388629371,-7.792207792207792
JNJ,2012-12-30,FY,10514000000,64826000000,121347000000,67224000000,0.16218801098324745,31.740371589614313
G,2012-12-31,FY,184590000,1168411000,2605927000,1901971000,0.15798379166235169,18.000005906628026
CRMT,2013-01-31,Q3,23376000,192902000,360064000,302706000,0.48472281261987954,-1.6072310260002947
BEBE,2012-12-29,Q2,-7400000,347226000,430141000,252626000,-0.08524707251185107,31.999998092651367
IDA,2012-12-31,FY,168934000,1758753000,5319516000,1080662000,0.09605328320690854,19.97693230042885
BMNM,2012-12-31,FY,-2029561,3516772,187352951,4238718,-0.5771090647900973,84.61538726056126
NUE,2012-12-31,FY,593126000,7641571000,14152059000,19429273000,0.0776183326700753,23.934202658886427
IROQ,2012-12-31,Q2,1842000,85850000,520704000,8716000,0.085824111822947,21.81158864931316
ATNI,2012-12-31,FY,53167000,334146000,910875000,741366000,0.15911308230533958,52.0839096252369
NYT,2012-12-30,FY,133339000,632500000,2806335000,1990080000,0.21081264822134388,80.65651031438496
HBCP,2012-12-31,FY,9189871,141573860,962926264,46122127,0.06491220201243365,2.684930252702269
KOS,2012-09-30,Q3,-98634000,972224000,2319160000,452455000,-0.40580771509446384,-9.21739495318869
MYGN,2012-12-31,Q2,65172000,662120000,717746000,267919000,0.39371715096961274,-23.706418658615252
ICE,2012-12-31,FY,561737000,3643377000,37214842000,1362965000,0.15418031128812637,80.53469079991949
FMBH,2012-12-31,Q4,14025000,156687000,1578032000,55767000,0.3580386375385322,-3.296703296703297
ODFL,2012-12-31,FY,169452000,1025969000,1712514000,2110483000,0.16516288503843685,54.375729444033446
SHBI,2012-12-31,FY,-9638000,114026000,1185807000,45901000,-0.08452458211285145,71.05752310603417
PTEN,2012-12-31,FY,299477000,2640657000,4556911000,2723414000,0.11341003394231057,36.71497831836957
XOXO,2012-12-31,FY,8714000,144507000,183354000,21359000,0.060301577086231115,60.32257571635552
KOS,2012-12-31,FY,-67028000,1028906000,2366123000,672209000,-0.06514492091600205,-9.635631557089877
ARCT,2012-12-31,Q4,-1330000,1722000,27114000,1645000,-3.089430894308943,129.6688756062193
CCEL,2012-11-30,FY,-6308470,-8997765,12330659,17969855,0.70111522139109,-27.16535229818618
EQR,2012-12-31,FY,881204000,7289813000,17201000000,2123715000,0.12088156445165328,-8.134810207529771
DXYN,2012-12-29,FY,-927000,64046000,201770000,266372000,-0.014473971832745215,268.5975688428202
PBH,2012-12-31,Q3,46156000,457332000,1731389000,466735000,0.403697969964927,77.88317447173443
PNW,2012-12-31,FY,413164000,3972806000,13379615000,3301804000,0.10399803061110963,3.9819513486167155
VMC,2012-12-31,FY,-52593000,3761062000,8126599000,2411243000,-0.013983550390820465,14.293953026821244
CUZ,2012-12-31,FY,47919000,620342000,1124242000,148278000,0.07724609973208327,22.155683874182074
GOOG,2012-12-31,FY,10737000000,71715000000,93798000000,50175000000,0.14971763229449905,56.840736989382435
FNF,2012-12-31,FY,611700000,4268000000,9902600000,7201700000,0.1433223992502343,38.17410442316044
RBCN,2012-12-31,FY,-5538000,225386000,248096000,67243000,-0.02457118010879114,63.338797944533674
KTOS,2012-12-30,FY,-114400000,324100000,1284000000,450000000,-0.35297747608762725,42.544727181375855
NBY,2012-12-31,FY,-7027000,14049000,19235000,6947000,-0.5001779486084419,8.849557522123893
CBI,2011-12-31,FY,-2934000,987000,62490000,3174000,-2.972644376899696,-50.0
TER,2012-12-31,FY,217049000,1778355000,2429345000,1383569000,0.12205043424962958,3.9076368932056376
EXEL,2012-12-31,FY,-147645000,296434000,721097000,20736000,-0.49807039678309506,30.196927478496683
NBTB,2012-12-31,FY,54558000,582273000,6042259000,239397000,0.09369831676893828,28.16970377662549
AGYS,2012-12-31,Q3,-1628000,113221000,203771000,89262000,-0.057515831868646276,65.71087306093341
CBOE,2012-12-31,FY,157395000,239122000,338858000,512338000,0.6582204899591004,79.33246451318348
SR,2012-12-30,FY,-9072000,-126860000,259904000,528811000,0.07151190288507016,18.052320928569028
EIX,2012-12-31,FY,-92000000,11191000000,44394000000,11862000000,-0.008220891788043964,2.4341719899239314
ODP,2012-12-29,FY,-77120000,661441000,4010779000,10695652000,-0.11659392145331178,58.23171564966796
LPX,2012-12-31,FY,28800000,1033800000,2331000000,1715800000,0.027858386535113175,-3.467909352366277
CMT,2012-12-31,FY,8190000,57998000,91849000,149698000,0.14121176592296286,108.45922098636723
MNOV,2012-12-31,FY,-264870675,14879992,19568041,2360807,-17.80045815884847,29.878056891470916
LMT,2012-12-31,FY,2745000000,39000000,38657000000,37817000000,70.38461538461539,59.25885173852067
GE,2012-12-31,FY,13864000000,123026000000,685328000000,72991000000,0.11269162616032384,32.872789409442845
IVAC,2012-12-31,FY,-55319000,142635000,172503000,67669000,-0.3878360851123497,64.55141572112227
JBSS,2012-12-27,Q2,15835000,207081000,404464000,393126000,0.3058706496491711,36.992970455695406
SNRY,2013-01-31,Q2,-258318,-2272296,0,0,0.45472596879983945,-88.88888897871553
PII,2012-12-31,FY,312310000,690530000,1486492000,3209782000,0.4522757881627156,73.23826041104077
AMP,2012-12-31,FY,901000000,9712000000,134729000000,10259000000,0.09277182866556836,81.36674820482956
GNRC,2012-12-31,FY,93223000,463628000,1603847000,1176306000,0.20107284288265592,63.10112749816243
OFED,2012-12-31,Q2,2122000,81830000,374921000,7182000,0.10372723939875352,21.472814472798916
MG,2012-11-30,Q2,13477000,209087000,381027000,226956000,0.2578256897846351,-7.561093852542521
BXP,2012-12-31,FY,332139000,5097065000,15462321000,1876267000,0.06516279466712706,-4.441921422065528
CAHI,2011-12-31,FY,-103590,556885,1045473,1149274,-0.1860168616500714,-85.99999994039536
BNXR,2012-10-31,FY,-764988,2539136,2573022,469107,-0.30127886021071737,-76.89594284997197
CRL,2012-12-29,Q4,97866000,600805000,1586344000,467944000,0.6515658158637162,42.327195339370604
HSTM,2012-12-31,FY,7645000,132196000,174528000,103732000,0.057830796695815305,36.69272016558705
WEN,2012-12-30,FY,9467000,1985855000,4303199000,2198323000,0.004767216136122728,86.59576199291156
PSPW,2012-12-31,Q3,-1283004,-7705919,826745,0,0.6659836419251227,-64.16666464880105
GLGI,2012-11-30,Q2,1103544,-6632914,12484734,12187984,-0.6654957383738128,39.285708583739364
NAII,2012-12-31,Q2,799000,39659000,44581000,30146000,0.0805870042108979,9.561753404327611
WNC,2012-12-31,FY,105631000,268727000,902626000,1461854000,0.39307922166362147,36.90077332671892
LPLA,2012-12-31,FY,151918000,1140020000,3988524000,3661088000,0.13325906563042753,67.04545870177019
BMI,2012-12-31,FY,28032000,171247000,290453000,319660000,0.16369337857013552,15.439780042993995
GTN,2012-12-31,FY,28129000,143935000,1249788000,404831000,0.19542849202765136,542.727274402114
WDAY,2013-01-31,FY,-119190000,592283000,959080000,273657000,-0.20123825941315215,68.04567525285402
FICO,2012-12-31,Q1,23421000,508728000,1176114000,190020000,0.18415341793650045,49.82156328712736
BMS,2012-12-31,FY,173800000,1640900000,4185700000,5139200000,0.10591748430739228,22.295275817668866
DCI,2013-01-31,Q2,104926000,1004180000,1718668000,1184983000,0.41795693999083827,10.422754866604269
SUI,2012-12-31,Q4,7995000,192522000,1754117000,339616000,0.1661108860286097,6.643272916586178
KMX,2012-11-30,Q3,327063000,3023669000,9297683000,8134870000,0.4326703749649846,38.85824822065826
CTBI,2012-12-31,FY,44862000,400344000,3635664000,153722000,0.11205862957856244,37.492381806146554
LYV,2012-12-31,FY,-161897000,1355418000,5290806000,5819047000,-0.11944433377747676,112.88935339962343
STC,2012-12-31,FY,118977000,568806000,1291177000,1910412000,0.20916973449647155,24.538465646597054
CHI,2012-12-31,FY,-12800000,-81800000,844400000,747600000,0.15647921760391198,9.798995958225868
CVLY,2012-12-31,FY,9394000,101331000,1059737000,46512000,0.0927060820479419,37.09302938183445
ICAD,2012-12-31,FY,-9374000,27665000,59993000,17976000,-0.33883968913789986,143.21502528829734
NOG,2012-12-31,FY,72284624,586185260,1190935298,311572890,0.12331361590361381,-11.47443721874545
DVN,2012-12-31,FY,-206000000,21278000000,43326000000,9502000000,-0.009681361030172008,18.754800441636966
UGI,2012-12-31,Q1,170700000,2335000000,10167500000,2023200000,0.29241970021413277,26.10821996096554
BCO,2012-12-31,FY,109700000,501800000,2553900000,3842100000,0.21861299322439218,20.71502908455892
DD,2012-12-31,FY,2813000000,10088000000,49736000000,34812000000,0.27884615384615385,37.9523652719829
SEE,2012-12-31,FY,-1410300000,1443800000,9437200000,7648100000,-0.9767973403518493,94.91719372921293
AVGO,2013-02-03,Q1,125000000,2518000000,2892000000,576000000,0.19857029388403494,55.3155170996677
HSON,2012-12-31,FY,-5335000,106541000,193468000,777577000,-0.0500746191606987,-12.053566524872892
ALG,2012-12-31,FY,28903000,310286000,404339000,628402000,0.09314954590281224,73.00858540644525
MRC,2012-12-31,FY,117958000,1185922000,3369727000,5570858000,0.09946522621217922,15.586752399857161
SXC,2012-12-31,FY,102500000,574900000,2011000000,1902000000,0.1782918768481475,45.79858447572382
FMC,2012-12-31,FY,435700000,1480300000,4373900000,3748300000,0.2943322299533878,28.58851129823205
BGC,2012-12-31,FY,9800000,1353300000,4919900000,6014300000,0.007241557673834331,73.41043745075092
ICUI,2012-12-31,Q4,41281000,390857000,428512000,316322000,0.4224665286792868,5.662230315054049
MTZ,2012-12-31,FY,107416000,857172000,2407934000,3726789000,0.12531440597686344,29.40231819746758
ISBA,2012-12-31,FY,12206000,164489000,1430639000,56401000,0.07420556997732371,9.425283848554239
FCNCA,2012-12-31,FY,134348000,1864007000,21283652000,1004836000,0.0720748366288324,35.41284030366017
CME,2012-12-31,FY,906700000,21419100000,38863200000,2914600000,0.0423313771353605,54.80561530685164
STE,2012-12-31,Q3,118596000,919120000,1765072000,689125000,0.516128470711115,38.23783171418306
SENEA,2012-12-29,Q3,37502000,363835000,823028000,1001375000,0.4122967828823505,5.0328970586989685
TACT,2012-12-31,FY,3621000,33369000,45228000,68386000,0.10851389013755282,74.0997238240994
FLR,2012-12-31,FY,571067000,3341295000,8276043000,27577135000,0.17091187698182891,35.989095966779274
EBF,2012-11-30,Q3,17641000,364450000,497507000,409868000,0.19361778021676498,21.813407294681035
SCSC,2012-12-31,Q2,33999000,696960000,1203523000,1481320000,0.19512741046831955,33.23890847068105
ENTG,2012-12-31,FY,68825000,694799000,811544000,715903000,0.09905742524096897,25.81699135917077
FULT,2012-12-31,Q4,159845000,2081656000,16528153000,647496000,0.30714969236031314,36.83662943102558
GIS,2013-02-24,Q3,1488900000,7016700000,22793400000,13363400000,0.8487750652015905,9.00484438016626
CARV,2012-12-31,Q3,-1152000,55600000,640638000,18194000,-0.08287769784172662,65.48463282355345
XPLR,2012-12-31,Q3,-626000,15527000,18424000,5927000,-0.16126746956913762,22.29447805978563
FORM,2012-12-29,FY,-35546000,339258000,395682000,178535000,-0.10477571641641464,34.649121568693886
MOD,2012-12-31,Q3,-21200000,300500000,799600000,1016400000,-0.2821963394342762,55.59654908319993
HUM,2012-12-31,FY,1222000000,8847000000,19979000000,1726000000,0.13812591839041483,49.32246460468829
KFFB,2012-12-31,Q2,1449000,65788000,352531000,4839000,0.08810117346628564,9.798664625504887
CHCO,2012-12-31,FY,38945000,333274000,2917466000,112212000,0.11685580033245918,32.99856672458585
NL,2012-12-31,FY,74536000,374815000,680782000,83196000,0.19886077131384816,-3.7554529140997626
ARCT,2012-12-31,FY,-2202000,-1322000,55724000,1266000,1.665658093797277,129.6688756062193
MTX,2012-12-31,FY,76269000,790411000,1211189000,1005619000,0.09649283727073636,51.027063328946554
MLSS,2012-12-31,FY,-870306,1936539,5661103,8648242,-0.4494131024472009,3.4482724601392922
PRLB,2012-12-31,FY,24025000,156699000,172722000,125991000,0.15331942131092094,80.18772724158472
AGM,2012-12-31,FY,68960000,351109000,12622201000,264670000,0.19640624421475952,5.2923114483173075
MPWR,2012-12-31,Q4,15756000,258294000,287162000,213813000,0.2440010220911055,53.276483273845685
SIX,2012-12-31,FY,391113000,892219000,3056391000,1070332000,0.43835986456240006,19.50980143441342
CROX,2012-12-31,FY,131343000,617400000,829638000,1123301000,0.21273566569484936,12.161216154089377
NORX,2012-11-30,Q3,-38828,14271,27437,0,-10.883049541027258,-49.295771100695504
EGBN,2012-12-31,FY,35289000,349976000,3409441000,141943000,0.10083262852309872,69.32399054023813
ANCB,2012-12-31,Q2,503000,54399000,468849000,10332000,0.03698597400687512,26.760565082933734
HAS,2012-12-30,FY,335999000,1507379000,4325387000,4088983000,0.22290280015842068,51.53203123588747
RHI,2012-12-31,FY,209942000,842011000,1381271000,4111213000,0.24933403482852362,31.99245883975178
DY,2013-01-26,Q2,13323000,398372000,1072809000,692613000,0.13377446206058657,30.291796952094014
HI,2012-12-31,Q1,14600000,521800000,2033000000,305200000,0.11192027596780375,29.8540460760078
CFFI,2012-12-31,FY,16382000,102197000,977018000,76964000,0.16029824750237287,18.130461279596847
CSPI,2012-12-31,Q1,115000,22553000,50814000,15305000,0.02039639959207201,25.705334073751313
AMNL,2012-12-31,FY,-9732399,3966237,7818460,165742,-2.4538117616269526,-35.06493345644402
FCBC,2012-12-31,FY,28577000,356323000,2728867000,109656000,0.08019970644611771,4.445836106921161
CDE,2012-12-31,FY,48677000,2198280000,3221401000,895492000,0.022143221063740743,-56.66666795890827
FLT,2012-12-31,FY,216199000,913822000,2721870000,707534000,0.23658765054901282,112.99159998708762
WSCI,2012-11-25,Q1,431415,11964797,23303309,8583739,0.1442281051655118,-12.554746649453193
AYI,2012-11-30,Q1,26100000,866100000,1731700000,481100000,0.12054035330793211,54.9962152898599
WDC,2012-12-28,Q2,854000000,8247000000,13929000000,7859000000,0.41421122832545165,99.7588073412222
STAA,2012-12-28,FY,-1763000,31742000,54759000,63783000,-0.05554155377732972,176.63230080066856
EFSC,2012-12-31,Q4,28296000,235745000,3325786000,165464000,0.480111985407962,57.61286046263202
AMCX,2012-12-31,FY,136530000,-882352000,2618855000,1352577000,-0.15473416504977605,36.424239958175505
UBCP,2012-12-31,FY,2398000,36626000,438354000,18462000,0.06547261508218205,32.42810956468273
RVSB,2012-12-31,Q3,1038000,76823000,794564000,26027000,0.05404631425484555,73.37277914511847
ACUR,2012-12-31,FY,-9668000,27630000,29054000,0,-0.3499095186391603,-25.225226076651015
FOSL,2012-12-29,FY,354259000,1233535000,1841989000,2857508000,0.28719006757003246,29.02256145575734
MAA,2012-12-31,FY,109825000,914052000,2751068000,497165000,0.12015180755580646,-5.498071618982263
WLK,2012-12-31,FY,385555000,1872256000,3412196000,3571041000,0.2059307060572913,52.62294340682758
SCMP,2012-12-31,FY,4836000,43030000,127796000,5037000,0.11238670694864049,93.26530781054385
MBCN,2012-12-31,FY,6281000,55437000,670288000,28746000,0.11329978173422083,3.9603960396039604
FXNC,2012-12-31,FY,2800000,44889000,532697000,23432000,0.06237608322751676,11.428569612048921
RNST,2012-12-31,FY,26637000,498208000,4178616000,159313000,0.05346562078489306,64.26333091244213
DKAM,2012-10-31,Q2,-9453253,-14829649,581780,3221394,2.5498251509526626,-99.25000002993536
ENS,2012-12-30,Q3,127252000,1163884000,2006820000,1705442000,0.43733567950070623,86.26094697956171
OHI,2012-12-31,FY,120698000,1011329000,2982005000,350460000,0.11934592995948895,26.373161038042287
ESGR,2012-12-31,FY,191519000,1553755000,5882243000,159942000,0.12326203294599213,22.209324880362335
HAUP,2012-12-31,Q1,1290086,3351036,27864277,11930378,1.5399249664879757,-80.77595702420528
EMMS,2012-11-30,Q3,42971000,-14004000,275527000,161318000,-12.273921736646672,39.47368754838646
LPSN,2012-12-31,FY,6355000,170243000,208576000,157409000,0.03732899443736307,10.958900629824212
FCAP,2012-12-31,FY,3935000,52824000,459132000,18800000,0.07449265485385431,10.939913421847244
RGEN,2012-12-31,FY,14156037,84124596,97010163,41834188,0.16827465061466684,103.6624129705777
CMTL,2013-01-31,Q2,9800000,418677000,684747000,165530000,0.0936282623597666,16.07547256181825
FUL,2012-12-01,FY,125855000,778273000,1786320000,1886239000,0.16171060797432263,55.99877985444909
LCUT,2012-12-31,FY,20947000,172230000,348797000,486842000,0.12162224931777274,48.821870620097755
HE,2012-12-31,FY,140548000,1472136000,5108793000,3374995000,0.0954721574637126,3.460623947316511
CACC,2012-12-31,FY,219700000,621900000,2133200000,538200000,0.35327223026210003,26.957116395012047
CWCO,2012-12-31,FY,9624009,134206566,150449086,469625,0.07171041840084039,89.1891867510153
DOV,2012-12-31,FY,811070000,4919230000,10443943000,8104339000,0.16487743000428928,46.67477854359477
AMSC,2012-12-31,Q3,-46360000,134813000,225319000,67000000,-1.3755350003337956,-41.98473524181758
CL,2012-12-31,FY,2631000000,2189000000,13394000000,17085000000,1.2019186843307446,25.176965242320854
PDNLA,2012-12-31,FY,-2332716,-1343037,16009795,779547,1.7368963029313413,-57.142854710014454
KBR,2012-12-31,FY,202000000,2542000000,5767000000,7770000000,0.07946498819826908,3.9104280525084403
TTEK,2012-12-30,Q1,26396000,1050150000,1714975000,658545000,0.10054182735799648,6.120139332289612
SGMA,2013-01-31,Q3,172914,51580763,111725940,147117192,0.013409185125857872,81.55340210343515
MTN,2013-01-31,Q2,-74000,796014000,2003749000,538801000,-0.0003718527563585565,30.236525673238145
TRIP,2012-12-31,FY,194588000,726968000,1299194000,559215000,0.2676706540040277,94.82347742430755
ED,2012-12-31,FY,1141000000,11869000000,41209000000,12188000000,0.09613278287977083,-0.5581587471748644
MSM,2012-12-01,Q1,63187000,1247614000,1507953000,577491000,0.20258509442824463,7.678289921043199
ABG,2012-12-31,FY,82200000,402800000,1661400000,565300000,0.20407149950347567,66.93725650487491
SVTE,2012-08-31,FY,-323557,-85402,71621,64886,3.7886349265825157,-35.00000238418579
PODD,2012-06-30,Q2,-29256000,59089000,203679000,98789000,-1.9804701382660055,43.81867961521163
AMSF,2012-12-31,FY,29353000,381222000,1220946000,321248000,0.07699713028104359,55.119267734912555
FCCO,2012-12-31,FY,3968000,54183000,602925000,23002000,0.07323330195817876,23.83790128914256
CI,2012-12-31,FY,1624000000,9769000000,53734000000,1623000000,0.16624014740505683,62.008982591822104
HBI,2012-12-29,FY,164681000,886866000,3631700000,4525721000,0.18568870607284527,93.6069208960428
MOS,2013-02-28,Q3,1406400000,13124600000,17322100000,7281900000,0.4286302058729409,-17.35565372141502
UVV,2012-12-31,Q3,114234000,1247977000,2300725000,1816607000,0.36614136318217405,8.815871647627448
SOLS,2012-12-31,Q3,-146130,-128534,21210,0,4.547590520796054,-87.62376238662476
DLX,2012-12-31,FY,170492000,432935000,1412440000,1345929000,0.39380507466478804,61.290314183609276
AZPN,2012-12-31,Q2,14350000,104297000,345438000,148766000,0.5503514003279097,51.66425142775123
HBIO,2012-12-31,FY,2370000,104213000,133484000,111171000,0.022741884409814516,41.23540809446401
TDC,2012-12-31,FY,419000000,1779000000,3066000000,1297000000,0.23552557616638561,-27.775082882912645
EMYB,2012-12-31,FY,5743000,50027000,643009000,24498000,0.11479800907509945,37.83783481914641
ENSV,2012-12-31,FY,-85070,6816348,25857026,31497787,-0.012480290032140377,143.24323488379008
UFI,2012-12-23,Q2,4275000,295680000,460950000,344971000,0.05783279220779221,107.105465752214
BRT,2012-12-31,Q1,-2182000,132326000,432343000,8251000,-0.06595831507035654,8.615383735069862
IBIO,2012-12-31,Q2,-3122581,3716857,6805157,390186,-3.3604532001096628,-43.54838709677419
DRRX,2012-12-31,FY,16200000,36331000,45935000,42494000,0.4459001954253943,86.95653390794286
ACIW,2012-12-31,FY,48846000,534357000,1250886000,666579000,0.09141079839882325,47.7683790611352
DWOG,2012-09-30,FY,-1095050,13328778,14235452,0,-0.08215681887716939,326.0651552320954
ASTE,2012-12-31,FY,40368000,546354000,724565000,936273000,0.07388616171932483,13.369301567364856
FC,2012-12-01,Q1,2897000,92628000,157395000,41063000,0.12510256078075743,63.453820829181915
AMWD,2013-01-31,Q3,4568000,140474000,270766000,459358000,0.13007389267764854,27.36425332306296
MMS,2012-12-31,Q1,21316000,461706000,705905000,286266000,0.1846716308646628,37.298325491542016
SPB,2012-12-30,Q1,-13882000,963927000,5519566000,870268000,-0.05760602203278879,54.09622935981753
CIEN,2013-01-31,Q1,-47324000,-78635000,1885172000,353057000,2.4072741145800216,49.74457848934576
REAC,2012-12-31,FY,-12392,-19069,1504,0,0.6498505427657455,-99.5
DMRC,2012-12-31,FY,8272000,53003000,57331000,10792000,0.15606663773748655,-6.956524062722466
FWRD,2012-12-31,FY,52668000,351671000,399187000,584446000,0.14976497919930845,24.621545729353045
OPTT,2013-01-31,Q3,-10553364,22310535,28101107,3208248,-1.892086227425743,6.103286384976526
PLAB,2013-01-27,Q1,2859000,563196000,867498000,99839000,0.02030554194276948,36.1386151468505
BRO,2012-12-31,FY,184045000,1807333000,3128058000,1200032000,0.10183236846779205,22.03456721164199
BCBP,2012-12-31,FY,-2062000,91581000,1171358000,53647000,-0.022515587294307773,38.62434545899135
VRSN,2012-12-31,Q4,320032000,-9323000,2062476000,873592000,-137.30859165504665,52.39567313881194
GBX,2012-11-30,Q1,12561000,447080000,1395733000,285368000,0.11238257135188333,63.52694401837123
PEBO,2012-12-31,FY,20385000,221728000,1918050000,69470000,0.09193696781642373,21.522269980522637
CPTP,2012-12-31,FY,2013000,942000,24559000,8156000,2.1369426751592355,19.58146385014854
HLX,2012-12-31,FY,-43119000,1393385000,3386580000,846109000,-0.030945503216985974,12.451549277240524
BGC,2012-03-30,Q1,24100000,1419500000,4474300000,1432500000,0.06791123635082776,-43.85965000057037
FTI,2012-12-31,FY,434800000,1836900000,5902900000,5198200000,0.23670314116173988,20.33620985769563
HOG,2012-12-31,FY,623925000,2557624000,9170773000,4942582000,0.24394711654254106,41.286084941110076
ESMC,2012-12-31,Q2,3559960,4746094,8037445,5910338,3.0003282699415563,127.36843294053872
LTRE,2012-12-28,Q1,-1416000,23044000,79485000,33290000,-0.24579066134351676,-41.872867069833845
SCIA,2012-12-31,FY,-325972,2877694,5404560,8530780,-0.11327542122268733,-47.36842362100649
BCPC,2012-12-31,FY,40005000,273012000,312545000,310393000,0.14653202057052436,62.112479878649715
GSIT,2012-12-31,Q3,2896000,130365000,142053000,50307000,0.0888582058067733,6.060607904256575
PG,2012-12-31,Q2,6929000000,67323000000,139903000000,42914000000,0.41168694205546397,20.78362164855608
PRSS,2012-12-31,FY,-82000,93309000,157532000,217786000,-0.0008788005444276543,5.545930203105359
FLRE,2012-08-31,FY,-352898,-858234,3126,0,0.41119088733375747,-63.999999813735485
JNPR,2012-12-31,Q4,186500000,6999000000,9832100000,3262100000,0.10658665523646235,14.539911536647129
NLST,2012-12-29,FY,-13981000,13712000,22397000,36873000,-1.019617852975496,-2.7027000903735274
SRCO,2013-01-31,Q3,-2685326,-4342594,510271,533492,2.4734764520929198,72.0
HCI,2012-12-31,FY,30157000,121253000,338288000,163065000,0.24871137208976274,152.33283681720314
RIG,2012-12-31,FY,-211000000,15730000000,34255000000,9196000000,-0.013413858868404323,9.359606626639962
VSAT,2012-12-28,Q3,-42904000,883599000,1748935000,480898000,-0.1942238504117818,66.98212126444977
SHLM,2012-11-30,Q1,12145000,517360000,1252224000,540552000,0.09389979897943405,30.634073201970587
CODI,2012-12-31,FY,4340000,414628000,955201000,884721000,0.010467213984583772,29.027868749259707
VFC,2012-12-29,FY,1086138000,5125625000,9633021000,10766020000,0.2119035239604926,63.158245562964744
PHH,2012-12-31,FY,93000000,1526000000,9603000000,2743000000,0.06094364351245085,6.725277743496738
REGN,2012-12-31,FY,750269000,1245385000,2080490000,858093000,0.6024394062880154,62.55332592886214
VRSK,2012-12-31,FY,329142000,255591000,2360336000,1534320000,1.287768348650774,29.115157901669576
WSCI,2013-02-24,Q2,487176,12007698,24896044,15762129,0.1622878923170786,-0.306860053339429
TAST,2012-12-30,FY,-18888000,90173000,346256000,539608000,-0.2094640302529582,11.371234551333314
PESI,2012-12-31,FY,-6092000,86780000,141031000,127509000,-0.07020050702926942,-9.11765213243675
LHO,2012-12-31,FY,71577000,1853126000,3256570000,867075000,0.03862500445193689,22.922409746874774
LAZ,2012-12-31,FY,92785000,569656000,2986893000,1994013000,0.16287900066004746,50.971846537184284
MKC,2012-11-30,FY,407800000,1700200000,4165400000,4014200000,0.23985413480766968,6.877327461756122
ACFN,2012-12-31,FY,-16711000,51659000,67336000,14651000,-0.3234867109312995,-43.91805190100811
RPM,2012-11-30,Q2,83954000,1242952000,3965570000,2064140000,0.27017616126769173,36.50464723090917
FLO,2012-12-29,FY,136121000,858620000,1995849000,3046491000,0.15853462532901633,37.49462789765406
WCN,2012-12-31,FY,159660000,1878157000,5076026000,1661618000,0.08500886773576437,28.469964042893835
GPRC,2012-12-31,FY,11835295,46595048,53134174,79043356,0.2540032794901295,75.15152404021529
PTAM,2012-12-31,Q3,-2131921,-2178093,170506,0,3.9152065591322316,-60.0000014901161
NURO,2012-12-31,FY,-10007553,8800422,10877447,7575289,-1.1371673994724343,5.813953660298242
FCF,2012-12-31,FY,41954000,746007000,5995390000,219075000,0.056238078194976726,29.765398221593216
ZYXI,2012-12-31,FY,1548000,12055000,25936000,30749000,0.12841144753214434,-51.428583337329684
WIRE,2012-12-31,FY,19811000,410164000,472467000,1072348000,0.04830019211827464,77.76312113979783
IGC,2012-12-31,Q3,-207685,14558175,21439363,6553052,-0.05706347121119234,-25.714287173991323
ECPG,2012-12-31,FY,69477000,405816000,1171340000,555872000,0.1712032053935774,62.5408200315703
RES,2012-12-31,FY,274436000,899232000,1367163000,1945023000,0.3051893171061528,47.1405274972204
TCCO,2012-12-29,Q1,-310190,11676930,12426599,1596696,-0.10625738100682286,81.11110263400607
SOHU,2012-12-31,FY,177192000,1315217000,2076132000,1067201000,0.1347245359511016,52.32361719037636
NKTR,2012-12-31,FY,-171855000,47018000,497790000,35399000,-3.6550895401761028,56.14034997402813
ZION,2012-12-31,FY,348150000,6052069000,55511918000,2038722000,0.057525781678959706,39.485985577413715
SHEN,2012-12-31,FY,16303000,207848000,570740000,288075000,0.07843712713136523,65.77399389386832
BMRA,2012-11-30,Q2,528550,5512629,6058310,3585719,0.38351936979615353,1.1904821881092846
BKU,2012-12-31,FY,211260000,1806680000,12375953000,720856000,0.11693271636371687,34.001633733036286
PLUS,2012-12-31,Q3,27128000,229554000,499873000,27823000,0.4727079467140629,39.96129752488527
RDN,2012-12-31,FY,-451468000,736325000,5903200000,825408000,-0.6131368621193087,132.73322350730658
COF,2012-12-31,FY,3517000000,40499000000,312918000000,18964000000,0.08684165041112127,30.882097868813663
HUBB,2012-12-31,FY,302100000,1661200000,2947000000,3044400000,0.18185648928485432,28.701408134036466
IVDN,2013-01-31,Q1,-6972,-308334,774918,295046,0.09044737200568215,-34.78260728722486
NGS,2012-12-31,FY,12685000,175825000,232751000,36375000,0.0721455993175032,70.2192486788823
INGR,2012-12-31,FY,434000000,2437000000,5592000000,6868000000,0.1780878128846943,5.525372562054401
LNCE,2012-12-29,FY,59510000,869504000,1746732000,1618634000,0.06844131826880612,19.609295669887807
VLY,2012-12-31,FY,143627000,1502377000,16012646000,671193000,0.09559983945441124,9.354837287270385
CPSI,2012-10-31,FY,-66391,-29148,1163,3000,2.2777205983257858,20.42613629480755
NFBK,2012-12-31,FY,16031000,414873000,2813201000,91539000,0.03864074066039487,22.443272191885548
GLT,2012-12-31,FY,59379000,539679000,1242985000,1577788000,0.1100265157621475,60.81236468244936
DSNY,2012-11-30,Q1,160050,3435469,3818440,1063867,0.18635010241687525,196.00001017252603
PM,2012-12-31,FY,9154000000,-3476000000,37670000000,77393000000,-2.6334867663981587,3.538975497456777
DLNO,2012-12-31,Q3,-213099,11509005,129842062,3898882,-0.0740633964447839,135.5844134933772
RDGA,2012-12-31,FY,-34257,5812,22357,0,-5.894184445973847,-68.31683209217971
ASGN,2012-12-31,FY,42653000,532723000,1098021000,1239705000,0.08006600052935578,68.44180814010848
GNE,2012-12-31,FY,-2535000,122490000,150306000,229459000,-0.020695566985060004,42.957743026273256
DX,2012-12-31,Q4,74042000,616710000,4280229000,113548000,0.4802386859301779,-15.78389605057599
SNGX,2012-12-31,FY,-4163008,3551106,4705104,3144620,-1.1723130765457297,201.66666666666666
IPG,2012-12-31,FY,464600000,2420600000,13493900000,6956200000,0.19193588366520697,59.437377177657226
WU,2012-12-31,FY,1025900000,940600000,9465700000,5664800000,1.0906867956623432,26.671566539386294
QUIK,2012-12-30,FY,-12314000,27278000,31024000,14944000,-0.4514260576288584,77.88019225924072
LQMT,2012-12-31,FY,-14025000,-1572000,8973000,591000,8.92175572519084,69.99999925494194
TUP,2012-12-29,FY,193000000,479100000,1821800000,2583800000,0.40283865581298267,48.06553185867409
BBRG,2012-12-30,FY,16148000,100283000,263338000,409065000,0.1610243012275261,24.422924086105922
ESSA,2012-12-31,Q1,2879000,177347000,1405642000,13950000,0.06493484524688886,6.887052124473674
ERIE,2012-12-31,FY,619000000,642000000,15441000000,5512000000,0.9641744548286605,4.926316054000505
GFOO,2012-09-30,FY,-442755,1201107,1341493,0,-0.36862244579375525,-36.36363636363637
ZUMZ,2013-02-02,FY,42164000,303421000,409098000,669393000,0.13896203624666717,4.720200762605348
SBSI,2012-12-31,FY,34695000,257763000,3237403000,116020000,0.13460038872918145,36.011392536748275
SKX,2012-12-31,FY,10512000,875969000,1340220000,1560321000,0.012000424672562614,81.51349343410732
EGAN,2012-12-31,Q2,-2243000,2480000,40076000,25460000,-3.617741935483871,125.55554707845052
LSBK,2012-12-31,FY,3626000,66985000,482387000,19650000,0.054131521982533404,19.04761948895105
DLA,2012-12-29,Q2,3610000,139766000,309939000,236864000,0.10331554169111229,18.168819733173105
FISI,2012-12-31,FY,23449000,253897000,2764034000,97567000,0.09235634922823034,33.655398498180446
AFCB,2012-12-31,FY,2603275,48004404,291632497,14474353,0.054229920238151486,20.04845196883778
FFKT,2012-12-31,FY,12149000,168021000,1807232000,71222000,0.07230643788574047,78.12244648836098
DRI,2012-11-25,Q2,144400000,1863400000,6832700000,3994800000,0.30997102071482235,1.1833189761551142
MRK,2012-12-31,FY,6299000000,55463000000,106132000000,47267000000,0.11357120963525233,21.983394568202623
ARCT,2012-12-31,Q4,-7549000,81952000,256069000,16822000,-0.36845958609918,129.6688756062193
NCMI,2012-12-27,FY,65300000,-439100000,810500000,448800000,-0.14871327715782282,41.47203791868394
HLIT,2012-12-31,FY,-10937000,553413000,717531000,448340000,-0.01976281728112639,45.364884339718344
SWN,2012-09-30,Q3,-351481000,3427009000,7356562000,1942045000,-0.41024812015375506,3.083451767008856
GWRE,2013-01-31,Q2,5948000,207036000,288688000,135489000,0.11491721246546495,46.014499305418695
ENRT,2012-11-30,Q1,-116866,96308,520758,0,-4.853843917431574,11.111108351636926
IFF,2012-12-31,FY,254134000,1252555000,3249600000,2821446000,0.20289248775502872,29.23053303370704
LH,2012-12-31,FY,584800000,2717400000,6795000000,5671400000,0.2152057113417237,5.195098253209073
INTG,2012-12-31,Q2,400000,7968000,144229000,30859000,0.20080321285140562,-11.787078620109472
EFOI,2012-12-31,FY,-5709000,825000,14353000,29837000,-6.92,181.25
BYD,2012-12-31,FY,-923075000,303791000,6332193000,2487426000,-3.038519903486278,71.08433561896804
FLS,2012-12-31,FY,450799000,1890219000,4810958000,4751339000,0.23849035482131964,58.78745640253267
DHR,2012-12-31,FY,2392200000,19016500000,32941000000,18260400000,0.12579601924644387,37.42397931837424
COO,2013-01-31,Q1,74935000,2232062000,2969544000,379839000,0.13428838446243876,23.571780709743727
AAP,2012-12-29,FY,387670000,1210694000,4613814000,6205003000,0.32020477511245615,51.92812783301254
SLGN,2012-12-31,FY,151346000,753643000,3293543000,3588318000,0.20081922077163855,15.816079802656919
VIDE,2012-11-30,Q3,450000,29348000,51921000,37552000,0.06133296987869701,1.3774091112937892
D,2012-12-31,FY,329000000,10568000000,46838000000,13093000000,0.031131718395155186,24.30501995756849
FDP,2012-12-28,Q4,145000000,1795700000,2533400000,3421200000,0.3229938185665757,9.455811568382387
PRI,2012-12-31,FY,173806000,1275416000,10337877000,1190715000,0.13627396865022864,44.51848917396932
KEQU,2013-01-31,Q3,2277000,30854000,60623000,85318000,0.2951967330005834,35.00404945383449
IZEA,2012-12-31,FY,-4672638,-1313449,1401638,4954239,3.5575328771806136,49.999994581396045
EQT,2012-12-31,FY,196411000,3603820000,8849862000,1641608000,0.05450077972817732,52.22108082405937
TFX,2012-12-31,FY,-190057000,1778950000,3739497000,1551009000,-0.106836617105596,31.902960004039908
R,2012-12-31,FY,209979000,1467487000,8318979000,6256967000,0.14308746857723442,47.54656062220898
KERX,2012-12-31,FY,-22721000,10494000,18569000,0,-2.1651419858967027,387.40461891427447
MOV,2013-01-31,FY,57868000,425692000,526362000,505478000,0.13593865987615458,5.689272259921108
NDSN,2013-01-31,Q1,42011000,714429000,1817984000,347043000,0.23521441598815276,3.1499514446938304
PXLW,2012-12-31,FY,-5694000,14668000,29541000,59710000,-0.3881919825470412,103.57142515024363
FSFG,2012-12-31,Q1,1016000,83502000,652634000,6760000,0.04866949294627674,16.983062421822808
POST,2012-12-31,Q1,7600000,1241200000,3014800000,236900000,0.024492426683854335,44.40876408307305
CCRN,2012-12-31,FY,-42221497,209122789,305923555,442635146,-0.20189811546555073,102.7083157416854
DYSL,2012-09-30,FY,-4303766,18843588,37465428,47887150,-0.22839418904722392,-39.999997692723355
HFBL,2012-12-31,Q2,1819000,45246000,272500000,6638000,0.16080979534102463,0.0
MYRG,2012-12-31,FY,34262000,254690000,466348000,998959000,0.13452432368762024,11.730339821804774
RMCF,2012-11-30,Q3,1381627,16794336,20779651,21648429,0.3290697530405489,29.34362994784156
BPOP,2012-12-31,FY,245275000,4110000000,36507535000,1751705000,0.05967761557177616,38.23953105097382
EXPD,2012-12-31,FY,332969000,2027699000,2954125000,5980943000,0.16421026986747048,11.630853040593491
FFBC,2012-12-31,FY,67303000,710425000,6497048000,280930000,0.0947362494281592,18.878244164240463
MBWM,2012-12-31,FY,12535000,146590000,1422926000,59917000,0.0855106078177229,31.03030811656605
CIK,2012-12-30,FY,52519000,888726000,4399988000,2478485000,0.059094704104527156,-10.421843494953514
CSCO,2013-01-26,Q2,5235000000,55515000000,96378000000,18734000000,0.3771953526074034,5.413111708956342
HWKN,2012-12-30,Q3,12961000,168526000,219873000,262786000,0.3076320567746223,-4.063146272318052
KEYW,2012-12-31,FY,1015000,301028000,462675000,171776000,0.00337177936936099,5.988969692770314
PURE,2013-01-31,Q2,-3978000,1742000,4127000,373000,-9.134328358208956,67.07317277053367
TORM,2012-12-31,FY,5028000,40728000,54446000,56653000,0.1234531526222746,-8.780035453416621
PRIM,2012-12-31,FY,58267000,332638000,931207000,1541734000,0.1751663971043597,103.25797720984697
TRMK,2012-12-31,FY,117283000,1287369000,9828667000,371659000,0.09110286172806709,20.56990662313677
SVAD,2012-12-31,Q2,-190072,-534480,35702,112971,1.4224816644214937,-99.98181818154725
MACK,2012-12-31,FY,-91754000,-6517000,148974000,48921000,14.079177535675925,-15.435140749629179
EBTC,2012-12-31,FY,12375000,139549000,1665726000,68405000,0.08867852868884764,27.905560382938326
XOMA,2012-12-31,FY,-70889000,21643000,105676000,26852000,-3.275377720279074,189.58333333333331
UCTT,2012-12-28,FY,5153000,156780000,265929000,403430000,0.03286771271845899,114.74360169586937
HTLF,2012-12-31,FY,49851000,401805000,4990553000,189338000,0.12406764475305185,11.472275501962747
MAN,2012-12-31,FY,197600000,2500800000,7012600000,20678000000,0.07901471529110685,103.95853053614026
POOL,2012-12-31,FY,81972000,281623000,780576000,1953974000,0.29106997652890565,37.00378062461882
LEA,2012-12-31,FY,1317200000,3487100000,8194100000,14567000000,0.3777350807261048,72.82236696100807
FARO,2012-12-31,FY,22998000,282736000,350807000,227905000,0.0813408975157037,64.20964027875516
TRN,2012-12-31,FY,253700000,2053000000,6669900000,3811900000,0.12357525572333171,54.32719833527051
BERY,2012-12-29,Q1,-10000000,-313000000,5050000000,1072000000,0.12779552715654952,46.579600787659075
ACN,2013-02-28,Q2,1800619000,5452349000,16358730000,14278003000,1.3209858723276884,12.10328123470607
DFS,2012-11-30,FY,2345000000,9778000000,75283000000,6703000000,0.23982409490693393,28.094204410563734
PRFT,2012-12-31,FY,16107000,234413000,267194000,286548000,0.06871205948475553,98.13243363037833
PMT,2012-12-31,FY,138249000,1201336000,2559663000,72441000,0.11507937829216805,-9.489922653207076
NTIC,2012-11-30,Q1,758536,37708087,47105308,5291747,0.08046401293176182,66.92308891454437
CVCY,2012-12-31,FY,7520000,117665000,890228000,31820000,0.06391025368631284,45.231960378274415
ALK,2012-12-31,FY,316000000,1421000000,5505000000,4657000000,0.22237860661505982,67.18496324071323
ROG,2012-12-31,FY,68685000,434152000,760024000,498761000,0.15820496047467247,23.27829522515279
ILMN,2012-12-30,FY,151254000,1318581000,2566085000,1055826000,0.11470967653864268,98.56088676099675
LVCA,2012-12-31,Q3,-1327607,374440,1177357,0,-14.182320264928961,-67.49999860301611
HRL,2013-01-27,Q1,131045000,2927138000,4622830000,2116241000,0.17907594380586087,28.421045320337967
CTS,2012-12-31,FY,20333000,267758000,561176000,576918000,0.0759379738420514,79.02164140895106
AEY,2012-12-31,Q1,797417,38569237,42775260,5598898,0.08269979517613998,35.94863229018567
USPH,2012-12-31,FY,26218000,117323000,171714000,252088000,0.2234685441047365,28.35874110007887
BRC,2013-01-31,Q2,18504000,1037850000,1785969000,661828000,0.07131666425784072,-19.117226119163753
CNTY,2012-12-31,FY,4091000,118156000,137336000,71828000,0.034623717796811,82.39436566510433
CCFN,2012-12-31,FY,7153000,74536000,607721000,22643000,0.09596704947944618,1.0929003894951987
LRCX,2012-12-23,Q2,9176000,4696590000,7363164000,1767774000,0.00781503175708333,45.87280220015628
HAE,2012-12-29,Q3,26239000,779158000,1474373000,642048000,0.13470438601670007,5.337904742974498
BIAD,2012-12-31,FY,-892281,3877678,3031685,0,-0.23010703828425155,16.999996945262
ICCC,2012-12-31,FY,89512,9194683,11030407,5389935,0.009735191523187912,3.750002384185791
CASS,2012-12-31,FY,23303000,174015000,1287387000,45933000,0.1339137430681263,60.99525282273262
WESC,2012-12-31,Q2,-140357,172140,419410,11669,-3.2614616010224236,-83.99999947845936
UMBF,2012-12-31,FY,122717000,1279345000,14927196000,339685000,0.09592174120350648,46.691006907718624
BDSI,2012-09-30,Q3,-6944030,558730,43874738,34677583,-49.71295616845346,-17.557252853124115
ATOS,2012-12-31,FY,-5079851,5175535,6826133,481842,-0.9815122494582685,-38.20512994402154
CBI,2012-12-31,FY,317063000,1367753000,4329675000,5485206000,0.23181305396515306,-79.9999992052714
AWH,2012-12-31,FY,493007000,3326335000,12029946000,2222475000,0.1482132737682765,78.78789338344588
LUNA,2012-12-31,FY,-1384385,11272192,20457768,21098286,-0.12281417846679688,17.499992549419698
ANGI,2012-12-31,FY,-52894000,5319000,96229000,155799000,-9.944350441812372,18.68223364368977
CPK,2012-12-31,FY,28863000,256598000,733746000,392502000,0.11248333969867264,32.09251061067716
ADP,2012-12-31,Q2,696100000,6395300000,33330000000,4265300000,0.4353822338279674,42.42051404007923
BZIC,2012-12-31,Q2,-1553044,-1506604,481853,177173,4.123297163687339,-65.00000059604645
EVBN,2012-12-31,FY,8132000,74828000,809676000,33377000,0.10867589672315175,35.93548190209173
PFS,2012-12-31,FY,67267000,981246000,7283695000,262259000,0.06855263613813457,30.160857754618576
NTCT,2012-12-31,Q3,26056000,360342000,532120000,139100000,0.28923633659134934,13.466718087044525
CIA,2012-12-31,FY,4529000,263108000,1174948000,202759000,0.017213463672712346,-20.361990598756428
PSIX,2012-12-31,FY,6702000,22734000,90765000,202342000,0.2948007389812615,385.84671895961094
NFX,2012-12-31,FY,-1184000000,2780000000,7912000000,2567000000,-0.42589928057553955,-10.268857092940083
VVI,2012-12-31,FY,6583000,388061000,650577000,1025231000,0.016963827851806803,11.539030128134238
CLB,2012-12-31,FY,216612000,182230000,636516000,693895000,1.1886736541732974,74.32074586738212
IEX,2012-12-31,FY,37630000,1464998000,2785390000,1954258000,0.02568604189220736,57.76919318289887
SO,2012-12-31,FY,2415000000,19004000000,63149000000,16537000000,0.12707850978741317,-4.227987188106628
LBAI,2012-12-31,FY,21742000,280867000,2918703000,110959000,0.07741030452135708,22.49508518133728
TDS,2012-12-31,FY,122653000,4011536000,8623900000,5345277000,0.030575071493811848,16.982837997004758
MWWC,2012-12-31,Q1,4052809,-10185373,1159523,193974,-1.591619275995096,-99.66666666763679
JOB,2012-09-30,FY,-1011000,4105000,11199000,45190000,-0.24628501827040195,-61.666667461395264
GRPN,2012-12-31,FY,-51031000,744040000,2031474000,454743000,-0.06858636632439116,133.12758561523142
TPL,2012-12-31,FY,19647818,15596145,21186872,32587456,1.2597868255264362,85.81321020445435
TRS,2012-12-31,FY,36290000,303580000,1130960000,1272910000,0.11954015416035312,42.80614180818771
BRKR,2012-12-31,FY,78200000,706600000,1856400000,1556500000,0.11067081800169827,30.314966591987208
SECI,2012-12-31,Q3,-9976372,-3827837,18588,18500,10.425075048911435,150.00000931322595
RGA,2012-12-31,FY,631893000,6910187000,40360438000,9840911000,0.09144369030823624,43.46038513188966
MYMX,2012-12-31,FY,-6111000,-33235000,9346000,0,0.1838724236497668,-62.50000145519146
MAR,2012-12-28,FY,571000000,-1285000000,6342000000,11814000000,-0.4443579766536965,33.717103594860745
DLTR,2013-02-02,FY,619300000,1667300000,2752000000,7394500000,0.3714388532357704,27.64021758615837
DEL,2012-12-31,FY,9235000,232230000,353209000,140908000,0.039766610687680316,-1.9682799994166138
PH,2012-12-31,Q2,421062000,5325717000,11461361000,6280430000,0.31624812208384334,51.516586623498604
AAME,2012-12-31,FY,4436000,105736000,320177000,139828000,0.04195354467730952,26.21359882515963
SNV,2012-12-31,FY,830209000,3569431000,26760012000,1004140000,0.23258861146216303,44.8979646309714
ORLY,2012-12-31,FY,585746000,2108307000,5749187000,6182184000,0.27782765982373536,43.65914710841505
WTFC,2012-12-31,FY,111196000,1804705000,17519613000,627021000,0.06161450209313988,26.076292904299436
GRC,2012-12-31,FY,28203000,234719000,335183000,375691000,0.12015644238429782,37.529329760864485
ESIO,2012-12-29,Q3,11035000,329988000,381880000,177051000,0.13376243984629743,3.1155821664241268
GNCMA,2012-12-31,FY,9162000,157178000,1506522000,710181000,0.05829060046571403,14.285712865076269
CMP,2012-12-31,FY,88900000,503500000,1300600000,941900000,0.17656405163853028,6.465000522344446
UWN,2013-01-31,Q3,-415527,27214014,47654291,49404537,-0.06107544443829565,68.96551960383054
GTIM,2012-12-31,Q1,-330000,2711000,6427000,4722000,-0.4869052010328292,12.121211182925679
IMMR,2012-12-31,FY,-5564000,44641000,63442000,32169000,-0.1246387849734549,51.673948324177644
A,2013-01-31,Q1,179000000,5348000000,10653000000,1380000000,0.1338818249813014,32.89414529885521
KO,2012-12-31,FY,9086000000,32790000000,86174000000,48017000000,0.2770966758157975,13.351724558863145
OPY,2012-12-31,FY,-851000,500740000,2678020000,952612000,-0.001699484762551424,42.67515191970714
DST,2012-12-31,FY,324000000,1079700000,3392500000,1892400000,0.3000833564879133,50.21452322011319
ADBE,2012-11-30,FY,832775000,6665182000,9974523000,3342843000,0.12494407504551264,64.0566246113109
DXCM,2012-12-31,FY,-54500000,77000000,106000000,93000000,-0.7077922077922078,159.97057714769
K,2012-12-29,FY,961000000,2419000000,15184000000,14197000000,0.39727159983464244,9.185319224835704
WRLD,2012-12-31,Q3,66190438,359507846,884184491,421873774,0.7364561161761126,18.428119558837615
BIOL,2012-12-31,FY,-3056000,11794000,31973000,57356000,-0.2591148041376971,68.23522200341364
DGTW,2012-11-30,Q3,-1040205,845074,1155722,137188,-4.923616156691604,-19.999998807907104
HY,2012-12-31,FY,98100000,341300000,1064400000,2469100000,0.28743041312628187,90.57377347123465
SNFCA,2012-12-31,FY,16712518,79812109,597216623,10864497,0.20939827564260957,-42.11844761623541
COLB,2012-12-31,FY,46143000,764008000,4906335000,248504000,0.06039596444016293,53.73466612416031
BUKS,2013-01-31,Q3,372000,20413000,44321000,27305000,0.07289472395042375,-30.00000074505805
MTB,2012-12-31,FY,1029498000,10202593000,83008803000,2941685000,0.10090552470337688,18.137504203256302
AOS,2012-12-31,FY,158700000,1194100000,2265200000,1939300000,0.13290344192278702,71.49199965984053
ULGX,2012-12-31,Q2,-2040000,2551000,15960000,8324000,-3.19874558996472,-72.4637683663291
DTH,2012-12-31,FY,-3292000,437542000,1970716000,4044275000,-0.007523849139054079,16.6955230003693
SIGI,2012-12-31,FY,37963000,1090592000,6794216000,1734102000,0.03480953463806813,40.581211775081336
ABMD,2012-12-31,Q3,11272000,136045000,165009000,114078000,0.3314197508177441,104.31547575754846
BJRI,2013-01-01,FY,31409000,371834000,566876000,708325000,0.08447048951951677,-7.366535649502007
GYRO,2012-12-31,FY,99048253,64768002,134518999,4989108,1.5292775744417746,-12.059400571255505
OFLX,2012-12-31,FY,6819000,19680000,32669000,64016000,0.3464939024390244,66.74758238538799
JZHG,2012-12-31,Q2,4247653,14108831,15742430,7378766,1.2042537046478194,-72.54545362182884
BLDR,2012-12-31,FY,-56856000,48096000,550841000,1070676000,-1.1821357285429142,28.494626780063896
GMED,2012-12-31,FY,73831000,386502000,447133000,385994000,0.19102359108102934,89.13251273096147
LFUS,2012-12-29,FY,75332000,587415000,777728000,667913000,0.12824323519147451,50.1701499656362
CRVL,2012-12-31,Q3,19150000,109969000,174987000,317351000,0.6965599396193473,109.23488561354591
BEN,2012-12-31,Q1,504700000,8947800000,14354200000,1901800000,0.2256197054024453,36.49163852986125
CAH,2012-12-31,Q2,575000000,6542000000,24642000000,51121000000,0.3515744420666463,62.87032345260669
CAR,2012-12-31,FY,290000000,757000000,15218000000,7357000000,0.38309114927344784,99.34409147266948
HTBI,2012-12-31,Q2,3420000,373901000,1586860000,31209000,0.03658722496061792,18.72687375117021
FBCD,2012-10-31,Q1,-33581,-3877343,10,0,0.03464331115405576,-98.00000006208816
KMPR,2012-12-31,FY,103400000,2161700000,8009100000,2462300000,0.04783272424480733,38.94915823209084
ANGL,2012-12-31,Q1,-5776,-17509,58,0,1.3195499457421898,0.8955286764893227
LPTC,2012-12-31,FY,-475116,-1555738,1868165,0,0.305395895709946,30.000005587935576
PNR,2012-12-31,FY,-104612000,6366860000,11795311000,4416146000,-0.01643070524559987,57.45675999917255
OC,2012-12-31,FY,-16000000,3538000000,7568000000,5172000000,-0.0045223289994347085,9.462016331936193
RBCL,2012-12-31,FY,-361436,9515498,18014421,25160172,-0.037983928954638,54.99999523162842
ATRI,2012-12-31,FY,23629000,134828000,155810000,119062000,0.17525291482481384,51.83163078463807
CHE,2012-12-31,FY,89304000,453291000,859626000,1430043000,0.1970125151392814,12.75696233732893
AXTI,2012-12-31,FY,6150000,143613000,167589000,88374000,0.042823421278018005,-8.896797334191753
ADSK,2013-01-31,FY,247400000,2043200000,4308400000,2312200000,0.12108457321848082,32.51028560288355
KOPN,2012-12-29,FY,-18994272,148733680,176208802,31298419,-0.127706596111923,26.12612328804001
XRM,2012-12-31,FY,-18035000,-29061000,618843000,538740000,0.6205911702969615,405.2459045354797
URI,2012-12-31,FY,75000000,1543000000,11026000000,4117000000,0.04860661049902787,69.13444000336887
EXTR,2012-12-31,Q2,8709000,188308000,285403000,121378000,0.18499479576013764,92.03295521064771
MCO,2012-12-31,FY,699700000,385200000,3960900000,2730300000,1.816458982346833,55.52464747784982
ORC,2012-12-31,FY,534343,14724975,118860956,2697922,0.036288211015638394,-11.6216195596231
ATLC,2012-12-31,FY,24132000,19295000,380426000,86810000,1.250686706400622,7.164179593105589
SRCE,2012-12-31,FY,49633000,558655000,4550693000,182085000,0.08884374077024282,43.14169588418517
IRIX,2012-12-29,FY,1438000,21905000,28912000,33859000,0.06564711253138553,147.94871384183654
RCKY,2012-12-31,FY,8854765,125636876,174844415,228317663,0.07047902878451069,9.662578470612095
TXRH,2012-12-25,FY,73801000,525084000,791254000,1263331000,0.14055084519810163,67.25180626603264
HOMB,2012-12-31,FY,63022000,515473000,4242130000,177135000,0.12226052576953594,127.98303372402596
ONB,2012-12-31,FY,91675000,1194565000,9543623000,344699000,0.07674341705976652,30.075819117466406
PHM,2012-12-31,FY,206145000,2189616000,6734409000,160888000,0.094146644891159,10.848013931207312
F,2012-12-31,Q4,5664000000,15947000000,190554000000,126567000000,1.420706088919546,17.992277668135912
IHRC,2012-12-31,FY,2098762,68232784,576005966,70429723,0.03075885046695442,17.147711791527122
FOR,2012-12-31,FY,17876000,529488000,918434000,44220000,0.033760916205844135,23.254476078403144
NSFC,2012-12-31,FY,-12580000,15933000,413272000,17140000,-0.7895562668675077,3.225803350434739
KCLI,2012-12-31,FY,39867000,750401000,4525745000,439927000,0.05312759444616945,26.572325550824395
GPN,2012-11-30,Q2,129533000,1233964000,3428721000,1178825000,0.4198923145245728,43.589158406194976
SUWN,2013-01-31,Q3,-3064956,26983871,31216417,6091339,-0.45433896419086794,-53.377775440686946
ALV,2012-12-31,FY,485600000,3758600000,6570300000,8266700000,0.12919704145160432,36.1923105268542
AA,2012-12-31,FY,191000000,13199000000,40179000000,23700000000,0.014470793241912265,21.3133686064439
DHIL,2012-12-31,FY,16930892,21735707,41235917,66604790,0.7789436984957517,77.1293779356473
UTMD,2012-12-31,FY,10169000,50972000,76935000,41552000,0.19950168720081612,59.08460384976505
DYNT,2012-12-31,Q2,89839,6404201,15367807,15204345,0.05611254237648069,46.66666398968613
FLXS,2012-12-31,FY,5793000,144797000,185777000,185827000,0.04000773496688467,41.165499345632725
AUBN,2012-12-31,FY,6763000,70149000,759833000,29067000,0.09640907211792042,20.143879034762683
FBIZ,2012-12-31,FY,8926000,99539000,1226108000,54766000,0.08967339434794402,63.57298330093472
CACI,2012-12-31,Q2,75384000,1126119000,2499566000,1862863000,0.2677656624211118,32.50953986279013
NSC,2012-12-31,FY,1749000000,9760000000,30342000000,11040000000,0.17920081967213114,48.706337091793
OCFC,2012-12-31,FY,20020000,219792000,2269228000,87615000,0.09108611778408678,25.89090520685369
APDN,2012-12-31,Q1,-8704757,-6698052,1624673,317670,5.198381260700873,-23.809523809523807
ASPS,2012-12-31,FY,115911000,158459000,429226000,568360000,0.7314889024921273,82.16965184515561
TDW,2012-12-31,Q3,104159000,2526311000,4055664000,904959000,0.16491872932509102,30.259624546351542
BA,2012-12-31,FY,3900000000,5867000000,88896000000,71234000000,0.664734958241009,80.36093029207744
MAS,2012-12-31,FY,-79000000,322000000,6875000000,7745000000,-0.2453416149068323,36.854734764662666
DPZ,2012-12-30,FY,112392000,-1335523000,478197000,1678439000,-0.08415579514542243,61.19402566717568
ITRI,2012-12-31,FY,110224000,992967000,2089441000,2178178000,0.11100469602715901,-6.958470319214387
SYNT,2012-12-31,FY,185543000,565670000,725836000,723903000,0.3280057277211095,70.52563187239002
AON,2012-12-31,FY,1020000000,7762000000,30486000000,11514000000,0.13140943055913423,49.70328913196122
UVE,2012-12-31,FY,30312000,163514000,925735000,269939000,0.18537862201401714,214.611857829372
NR,2012-12-31,FY,60032000,513578000,994541000,1038019000,0.11688974216185273,56.433119517929164
PFE,2012-12-31,FY,14598000000,81260000000,185798000000,58986000000,0.17964558208220527,22.368419365109187
SNA,2012-12-29,FY,314600000,1819000000,3902300000,2937900000,0.17295217152281472,37.06798274611269
MKTX,2012-12-31,FY,60069000,242717000,279841000,198204000,0.2474857550150999,86.99717723202751
SM,2012-12-31,FY,-54249000,1414466000,4199529000,1505102000,-0.03835298975019548,59.52883044638462
ADC,2012-12-31,FY,18603594,195309286,370092832,35789715,0.09525196871591655,7.204174437741551
MSFG,2012-12-31,FY,27258000,323751000,2769288000,108768000,0.08419433453487403,39.30544208562475
VZ,2012-12-31,FY,10557000000,85533000000,225222000000,115846000000,0.12342604608747501,13.589094074206837
FRME,2012-12-31,FY,45122000,552236000,4304821000,175949000,0.08170782056946668,54.24527732000555
ORA,2012-12-31,FY,-206016000,695102000,2094114000,186879000,-0.29638240143173233,41.338169240185735
SWKS,2012-12-28,Q1,66493000,1943969000,2151107000,453723000,0.13681905421331308,40.09055109233611
CUTR,2012-12-31,FY,-6548000,90774000,112794000,60057000,-0.07213519289664441,11.999999152289496
UDR,2012-12-31,FY,220303000,2992916000,6888509000,729363000,0.0736081467037498,-1.5979859425682745
SRCL,2012-12-31,FY,269941000,1541793000,3546738000,1913149000,0.1750825175623446,24.120926559224813
IVDN,2012-10-31,FY,-454714,-301362,850389,812761,1.5088630948825665,10.0
ESWW,2012-12-31,FY,-1412269,2913964,5405118,10526323,-0.4846556100212631,-45.83333333333333
GAIA,2012-12-31,FY,-12577000,116074000,193862000,202475000,-0.10835329186553405,107.27848141855429
ONVO,2012-12-31,FY,-43553000,-5303000,16749000,1197000,8.212898359419198,277.30768643892725
CE,2012-12-31,FY,605000000,1730000000,9000000000,6418000000,0.34971098265895956,23.938917897227103
XYL,2012-12-31,FY,297000000,2074000000,4679000000,3791000000,0.14320154291224688,27.601480975253384
LTBR,2012-12-31,FY,-4057075,5758433,6143656,3677596,-0.7045449690914177,11.347516131525353
BKR,2012-12-31,FY,3655000,224600000,373409000,593397000,0.016273374888691006,33.292540506296724
TLF,2012-12-31,FY,5596070,37521017,49087672,72720624,0.14914494455200936,79.16667350536386
LNG,2012-12-31,FY,-345641000,510001000,4639085000,266220000,-0.677726122105643,129.49945100252089
SPGZ,2012-12-31,Q2,-1362000,76964000,340468000,3401156000,-0.07078634166623356,7.943925233644859
CHYI,2012-12-31,FY,-607187,152944002,218779737,10611890,-0.003969995502013868,-28.57142857142857
IDN,2012-12-31,FY,-2260086,17678435,20460748,8803217,-0.12784423508076365,-21.538460127700667
GLDD,2012-12-31,FY,-3340000,273635000,826395000,687584000,-0.012206040893891499,2.4635980496773526
MPX,2012-12-31,FY,6979000,77747000,97315000,148950000,0.08976552149922183,77.27273977719867
CVGW,2013-01-31,Q1,2681000,112417000,216424000,139499000,0.09539482462616863,21.437174569644412
LII,2012-12-31,FY,90000000,496800000,1691900000,2949400000,0.18115942028985507,62.07159559154064
HSIC,2012-12-29,Q4,423388000,2613585000,5333997000,8939967000,0.6479804559637433,42.290483642668434
ENZ,2013-01-31,Q2,-9365000,40290000,62226000,28497000,-0.9297592454703401,-1.0380695058606009
TRMB,2012-12-28,FY,189716000,1897455000,3469104000,1566975000,0.0999844528592246,17.030722895566214
WST,2012-12-31,FY,80700000,728900000,1564000000,1266400000,0.11071477568939497,78.66666610926798
PPC,2012-12-30,FY,174042000,906371000,2913869000,8121382000,0.1920207067525329,127.48618555288745
DECK,2012-12-31,FY,129014000,738801000,1068064000,1414398000,0.17462618485898096,109.13831701848493
AVNW,2012-12-28,Q2,-7500000,154200000,327100000,178000000,-0.19455252918287938,-31.325299935837634
TTEC,2012-12-31,FY,73923000,500337000,847173000,1162981000,0.1477464189136522,34.550571851004776
CORT,2012-12-31,FY,-38048000,61777000,99166000,3307000,-0.6158926461304369,121.67833514467547
MU,2012-11-29,Q1,-275000000,7469000000,14067000000,1834000000,-0.14727540500736377,258.2064403193502
TCBK,2012-12-31,FY,18994000,229359000,2609269000,108716000,0.08281340605775225,69.07462504372668
SEB,2012-12-31,FY,282588000,2304550000,3347781000,4916322000,0.12262176997678506,8.89845082040935
ORN,2012-12-31,FY,-11866000,225184000,317315000,292042000,-0.052694685235185446,63.61149291061861
BWMG,2012-12-31,FY,-2013349,-777645,1008270,2048364,2.5890335564428497,-98.51851635386103
SCL,2012-12-31,FY,79396000,478985000,985478000,1803737000,0.1657588442226792,18.545184106188422
ATEC,2012-12-31,FY,-15459000,245816000,382127000,196278000,-0.06288850196895239,26.66667116210133
UUU,2012-12-31,Q3,-557534,25584738,26441401,11269901,-0.08716665380743785,0.22989032416267668
RCL,2012-12-31,FY,18287000,8308749000,19827930000,7688024000,0.0022009330165106687,39.147062862620636
PLAB,2012-10-28,FY,29855000,551386000,849234000,450439000,0.05414537184476936,70.9611428412065
RNR,2012-12-31,FY,748949000,3503065000,7928628000,1405934000,0.21379820243129946,17.745505525302015
CWBC,2012-12-31,FY,3173000,53049000,532101000,31309000,0.05981262606269675,96.7164280654118
RWWI,2012-12-31,Q2,1072000,32541000,54090000,22055000,0.1317722258074429,40.54054982301512
COBZ,2012-12-31,FY,24570000,257051000,2653641000,106128000,0.09558414478060774,57.831329223511844
UBSI,2012-12-31,FY,82607000,992251000,8420013000,323897000,0.08325212068317392,29.909616437991186
DK,2012-12-31,FY,272800000,1078000000,2623700000,8726700000,0.2530612244897959,31.121647563550415
OVLY,2012-12-31,FY,5780855,69968724,660580756,25982023,0.08262055772233319,10.87248913227284
TBNK,2012-12-31,FY,14838000,218972000,1574627000,60149000,0.0677620883035274,2.5820575174534914
ESS,2012-12-31,FY,139590000,1764804000,4847223000,543425000,0.07909660222891607,-1.9638525358932724
CASH,2012-12-31,Q1,3125000,145994000,1763270000,9630000,0.0856199569845336,75.92105333329569
ECYT,2012-12-31,FY,-17291758,99573278,214078709,34682111,-0.1736586195344498,18.151449861154358
COST,2013-02-17,Q2,975000000,10112000000,29089000000,47547000000,0.38568037974683544,13.935227414727667
CYTK,2012-12-31,FY,-40370000,70085000,77551000,7559000,-0.5760148391239209,66.91919368282285
BMRC,2012-12-31,FY,17817000,151792000,1434749000,65766000,0.11737772741646464,16.257341968575282
TSBK,2012-12-31,Q1,1708000,91903000,734621000,7589000,0.07433924899078376,40.634007902167305
SKY,2012-11-30,Q2,-5193000,50971000,74634000,91756000,-0.40752584803123343,18.780487776511766
LZB,2013-01-26,Q3,28690000,472012000,712211000,972990000,0.24312941196410262,72.41597809004378
HTBK,2012-12-31,FY,9909000,169741000,1693312000,52565000,0.05837717463665231,17.621776729403997
KIM,2012-12-31,FY,280275000,4765160000,9740807000,922304000,0.058817542328064534,3.157353105522979
COHR,2012-12-29,Q1,14153000,671264000,897104000,183202000,0.08433641607474854,-4.827203416696572
TSRI,2012-11-30,Q2,-255152,9235455,13800616,21848718,-0.11050976914510438,-33.462282273574296
CHTR,2012-12-31,FY,-304000000,149000000,15599000000,7504000000,-2.040268456375839,75.99684737077588
SLGD,2012-12-31,FY,-1371800,6102700,12795800,16041400,-0.2247857505694201,122.22222222222223
OMTK,2012-12-31,FY,-1371453,5268075,6034007,1899740,-0.26033285403112144,68.789809352462
FFIN,2012-12-31,FY,74225000,556963000,4502012000,159796000,0.1332673804184479,69.67445600957615
IART,2012-12-31,FY,41204000,517775000,1163599000,830871000,0.07957896769832457,22.27354383700779
FSFG,2012-12-31,FY,32812000,372122000,2895408000,122305000,0.08817538334202224,16.983062421822808
PRU,2012-12-31,FY,547000000,39291000000,709298000000,84815000000,0.013921763253671324,71.57321743559078
PRGO,2012-12-29,Q2,211535000,2107135000,4294336000,1652769000,0.40155946344206706,46.22704691164628
FN,2012-12-28,Q2,32701000,286199000,471185000,326051000,0.4570386339574911,56.9005394178881
MTEX,2012-12-31,FY,-1388000,20221000,47560000,173447000,-0.06864151130013353,201.42350318522136
MDU,2012-12-31,FY,-754000,2648248000,6682491000,4075431000,-0.00028471653712190096,42.937855177104126
ALOG,2013-01-31,Q2,14190000,465931000,560689000,245310000,0.12182061292337278,24.74077683435913
SVU,2012-12-01,Q3,-54000000,7000000,11857000000,26542000000,-30.857142857142858,140.67165044066218
PLXS,2012-12-29,Q1,16616000,664515000,1393649000,530532000,0.10001881071157159,65.4263626638712
CBSH,2012-12-31,FY,271439000,2167127000,22159589000,677969000,0.12525292703196444,34.649175822613586
CHMG,2012-12-31,FY,11022240,131114937,1248159708,52076255,0.08406547912996366,11.642688569078821
ACGL,2012-12-31,FY,593397000,5168878000,17816762000,3482381000,0.11480189704612877,34.120857747948556
WHG,2012-12-31,FY,12090000,76551000,96615000,77495000,0.1579339264020065,49.926644027200936
LCNB,2012-12-31,FY,8270000,82006000,788637000,29938000,0.10084627954052143,29.56204559941599
PODD,2012-09-30,Q3,-41673000,50452000,203381000,153541000,-3.3039720922857367,65.16128521892757
WSBF,2012-12-31,FY,34914000,202634000,1661076000,69846000,0.17230079848396618,43.333326178656925
ENPH,2012-12-31,FY,-38218000,56655000,122291000,216678000,-0.6745741770364487,75.06848491855557
PWR,2012-12-31,FY,322656000,3771916000,5140757000,5920269000,0.08554167165970822,14.364228792366692
IVZ,2012-12-31,FY,587300000,8316800000,17492400000,4177000000,0.07061610234705656,39.325405371894966
KEX,2012-12-31,FY,212619000,1694968000,3653128000,2112658000,0.12544130626654898,58.21618861628743
PVNC,2013-01-31,Q3,-21190,-70891,333,0,1.195638374405778,-75.49999952316284
VAC,2012-12-28,FY,16000000,1151000000,2604000000,151000000,0.013900955690703735,29.85549370570308
GRYN,2013-01-31,Q2,-102845,-641875,1585,0,0.6409036027263876,-1.9607843137254901
EXAC,2012-12-31,FY,12741000,170897000,245141000,224337000,0.07455367853151314,43.83479683418401
NKE,2012-11-30,Q2,951000000,10014000000,15171000000,12429000000,0.37986818454164173,62.371761724030215
WOLV,2012-11-30,Q2,-197890,-387775,8438,0,2.0412868287022112,25.00000465661298
IBKR,2012-12-31,FY,40668000,598498000,33199557000,1192470000,0.067950101754726,79.45905474703929
PKE,2012-11-25,Q3,12889000,349457000,369418000,133741000,0.14753174210274797,19.92527690600659
HNI,2012-12-29,FY,48326000,420359000,1079631000,2004003000,0.11496363822351847,31.004663232719953
CRBO,2012-12-31,FY,-17484000,17382000,40378000,11750000,-1.0058681394546083,112.5
HMN,2012-12-31,FY,103866000,1245803000,8167726000,1010814000,0.08337273228592322,58.36674378878961
INO,2012-12-31,FY,-19712980,34354662,45138754,4118652,-0.5738080031175973,468.0000305175781
ANDR,2012-12-31,FY,-1492520,3294597,3729758,2683195,-0.45302050599815397,133.33333954215064
GTY,2012-12-31,FY,12447000,372749000,640581000,102168000,0.03339244370876917,0.941307205543013
TPC,2012-12-31,FY,-265400000,1143864000,3296410000,4111471000,-0.23202058986033305,89.27007785532705
SSP,2012-12-31,FY,39922000,537696000,1030768000,903458000,0.07424641433077427,100.55503357106
AWK,2012-12-31,FY,358070000,4443268000,14718976000,2876889000,0.0805870814004467,13.68165329981578
AGI,2012-12-31,FY,-98600000,-1147700000,1473100000,1494600000,0.08591095233946153,-32.973281071186065
MASI,2012-12-29,FY,61938000,275668000,375946000,493233000,0.2246833147118998,37.3631618084352
CXW,2012-12-31,FY,156761000,1521620000,2974742000,1757221000,0.10302243661360919,-8.711587387215312
APO,2012-12-31,FY,3047795000,2666818000,20636858000,2859965000,1.1428582677933028,78.34100228090762
LTC,2012-12-31,FY,51327000,463101000,789592000,94033000,0.11083327395103876,1.6482007777473167
GLBZ,2012-12-31,FY,2665080,33587665,387438269,15817230,0.07934698646065452,5.681823392014595
SOYL,2012-09-30,FY,-643819,-7393453,62639,70842,0.08707960948693391,329.4117502043203
FUL,2013-03-02,Q1,20774000,800150000,1765410000,479842000,0.10385052802599512,18.794408014808614
BLKB,2012-12-31,FY,6583000,147684000,705747000,447419000,0.04457490317163674,64.69556986322314
VICR,2012-12-31,FY,-3798000,178352000,202581000,218507000,-0.021294967255763884,148.33948060293332
FIVE,2013-02-02,FY,20025000,70744000,189660000,418825000,0.28306287459007123,0.38346538149011844
ASPW,2012-12-31,FY,-3489896,301869,2666838,1998667,-11.56096187419046,-77.58620707373557
ACCA,2012-06-30,Q2,5206,-148872,1219511,0,-0.13987855338814553,-79.4999997392297
BC,2012-12-31,FY,50000000,77700000,2424200000,3717600000,0.6435006435006435,55.75799634109032
IRWD,2012-12-31,FY,-72624000,144052000,229907000,150245000,-0.5041512787049122,7.85198793402685
EVOL,2012-12-31,FY,5564000,30836000,36593000,17622000,0.18043844856661045,62.91946268453238
ACCA,2011-12-31,FY,-455678,-181142,1031110,0,2.515584458601539,-99.39086294771407
AIV,2012-12-31,FY,195361000,915425000,6401380000,1033197000,0.21341016467760876,-3.4737719848936957
IMCI,2012-12-31,FY,271197,-2868575,705987,8725886,-0.09454066914757327,-54.166666666666664
LEN,2012-11-30,FY,657332000,3414764000,10362206000,4104706000,0.19249705104071613,-5.993686251105018
MSTR,2012-12-31,FY,20546000,200311000,477938000,594606000,0.1025705028680402,32.58727907497551
CRUS,2012-12-29,Q3,110238000,553551000,692498000,602913000,0.7965878482741428,-28.61580671269542
KLIC,2012-12-29,Q1,3604000,651325000,769488000,114039000,0.022133343568878822,10.258553122523848
MDRX,2012-12-31,FY,-1153000,1284341000,2384464000,145274000,-0.0008977366602794741,63.26963895834468
ALGT,2012-12-31,FY,78414000,400461000,798194000,908719000,0.19580932974746604,43.38645536747261
HST,2012-12-31,FY,63000000,6859000000,12994000000,5286000000,0.009185012392477038,23.29291385296229
JMBA,2013-01-01,FY,302000,13596000,93613000,215125000,0.02221241541629891,5.787236639793883
BNXR,2013-01-31,Q1,-139805,2343331,2394501,64376,-0.23864319637302625,-37.1428577510678
AMGN,2012-12-31,FY,4345000000,19060000000,54298000000,16639000000,0.22796432318992654,33.97912059453343
CBAN,2012-12-31,FY,2641298,95759167,1139396781,47289427,0.02758271696327517,63.611111736591965
CIK,2012-12-31,FY,341890000,3328641000,15081132000,1876267000,0.10271158710116231,-11.662537036224121
VSH,2012-12-31,FY,123531000,1623328000,3016277000,2230097000,0.07609737526858404,24.365005876804837
BIIB,2012-12-31,FY,1380033000,6961523000,10130118000,4166074000,0.1982372248141678,91.00226593598502
IMO,2012-12-31,FY,3766000000,16377000000,29364000000,31188000000,0.229956646516456,2.558135986328125
ETN,2012-12-31,FY,1220000000,15086000000,35848000000,16311000000,0.08086968049847541,40.291623676807696
AAGC,2013-02-28,Q3,-47672,-77491,1164,0,2.460776090126595,-45.454544684857375
ISRG,2012-12-31,FY,656600000,3580100000,4059200000,1836200000,0.18340269824865227,-21.88144250861615
NPO,2012-12-31,FY,41000000,547100000,1370900000,1184200000,0.07494059586912813,41.17359296901888
SJG,2012-12-31,FY,58241000,521395000,1786459000,421874000,0.11170226028251135,122.9885914855471
MGRC,2012-12-31,FY,44777000,364738000,972446000,66444000,0.12276483393559212,36.494847766380076
VRNT,2013-01-31,FY,58804000,224802000,1564269000,389787000,0.26158130265744967,35.23669686152551
EXLS,2012-12-31,FY,41836000,344492000,435854000,442930000,0.12144258792657014,3.4339561666108556
SWK,2012-12-29,FY,883800000,6667100000,15844000000,10190500000,0.13256138351007185,9.517372988168818
AFL,2012-12-31,FY,2866000000,15978000000,131094000000,25364000000,0.17937163599949932,25.545940855386995
EMAX,2012-12-31,FY,-36768000,-85992000,594422000,837140000,0.42757465810773093,66.66667287548397
CSV,2012-12-31,FY,11403000,134818000,738085000,204149000,0.08458069397261493,66.30160034907533
INTX,2012-12-31,FY,19700000,109385000,146353000,349186000,0.18009781962791974,-17.721513002364066
NI,2012-12-31,FY,416100000,5554300000,21844700000,5061200000,0.074914930774355,31.136996939648746
PFLC,2012-12-31,FY,4785000,66721000,643594000,27495000,0.0717165510109261,34.73684411299856
USNA,2012-12-29,FY,66433000,185572000,267355000,648726000,0.357990429590671,136.01579259167957
LEG,2012-12-31,FY,250500000,1434500000,3254900000,3720800000,0.17462530498431508,14.180752048945847
LSTR,2012-12-29,FY,129781000,379454000,879421000,2793420000,0.34202037664644463,9.626380719010093
QDEL,2012-12-31,FY,4993000,199780000,242099000,155741000,0.024992491740915005,53.294058501763864
HTH,2012-12-31,FY,-5098000,1144496000,7286865000,39038000,-0.004454362444254938,66.32201271204198
BDX,2012-12-31,Q1,625436000,4469469000,11629437000,1900192000,0.5597407656256258,41.45030542410324
STT,2012-12-31,FY,2061000000,20869000000,222582000000,9649000000,0.09875892472087786,54.56287227482635
SXI,2012-12-31,Q2,22791000,265827000,506975000,352015000,0.34294484758884536,22.3630282730868
SWN,2012-12-31,FY,-707064000,3035872000,6737527000,2715043000,-0.23290309999894593,18.108348592312762
TRST,2012-12-31,FY,37534000,358798000,4346613000,154963000,0.10461039359193752,37.49999909689931
EAT,2012-12-26,Q2,65041000,252983000,1501206000,1332797000,1.0283853065225728,51.91113712122836
PODD,2011-12-31,FY,-45831000,82735000,221322000,152255000,-0.5539493563787998,10.283321336517051
KEY,2012-12-31,FY,865000000,10271000000,89236000000,2705000000,0.08421770032129296,58.90736333971759
HAL,2012-12-31,FY,2645000000,15765000000,27410000000,22196000000,0.1677767205835712,45.286836324848586
TISI,2012-11-30,Q2,21672000,270631000,468730000,362140000,0.32031807147000896,13.91982135323025
GRMN,2012-12-29,FY,542403000,3531796000,4819124000,2715675000,0.153577103547317,14.527602868577455
DGII,2012-12-31,Q1,1230000,275670000,298477000,46991000,0.017847426270540864,28.616683862008262
WY,2012-12-31,FY,384000000,4070000000,12592000000,7059000000,0.09434889434889435,12.976278396664348
TWX,2012-12-31,FY,3016000000,29877000000,68304000000,28729000000,0.10094721692271647,45.6617167551854
MSI,2012-12-31,FY,881000000,3265000000,12679000000,6363000000,0.2698315467075038,20.779453361009985
HD,2013-02-03,FY,4535000000,17777000000,41084000000,74754000000,0.25510491083984926,15.80771212671325
NGVC,2012-12-31,Q1,2221400,75178046,133367484,95831348,0.1181940802238994,120.06284958482945
ANDE,2012-12-31,FY,75565000,594413000,2182304000,5272010000,0.12712541616687387,110.76922368977655
LARK,2012-12-31,FY,6367000,63333000,614067000,22052000,0.10053210806372666,4.049777680682636
CLNE,2012-12-31,FY,-100862000,542713000,975200000,293777000,-0.18584776852590595,4.176710568113374
DCO,2012-12-31,FY,16437000,222675000,785074000,716417000,0.07381609969686763,84.10637178294161
IOSP,2012-12-31,FY,68300000,317000000,579400000,776400000,0.21545741324921136,36.38735467182047
EKCS,2012-12-31,Q2,-84680,2458617,5042296,854178,-0.13776850969467794,-23.333331470688144
TZOO,2012-12-31,FY,18198000,43339000,97833000,151168000,0.41989893629294633,14.48130612503991
ST,2012-12-31,FY,177481000,1222294000,3648391000,1913910000,0.14520319988480676,19.24261110863819
SEIC,2012-12-31,FY,208034000,1038180000,1309824000,992522000,0.20038336319328054,48.84319387896362
HII,2012-12-31,FY,146000000,667000000,6392000000,5755000000,0.21889055472263869,104.93770046634543
GWW,2012-12-31,Q4,698849000,3023912000,5014598000,8950045000,0.9244303405654661,26.194599518040313
FMCC,2012-12-31,FY,10982000000,8827000000,1989856000000,84718000000,1.2441373059929761,1026.9231439342186
CSBK,2012-12-31,Q3,5082000,185518000,1020209000,27130000,0.10957427311635529,13.132204810309364
ARCT,2012-12-31,Q4,-10637000,443238000,690668000,35738000,-0.09599357455813806,129.6688756062193
FONU,2012-06-30,Q3,-34641992,430101,673959,41403,-322.1754146119167,-50.24999976158142
MAC,2012-12-31,FY,366389000,3077529000,9311209000,881323000,0.11905298049181665,1.8010278744447668
PCRX,2012-12-31,FY,-52281000,65855000,112054000,18191000,-0.7938804950269531,223.35434401124715
CYRX,2012-12-31,Q3,-4665522,-550726,1737102,732049,33.88633912326638,-5.2631529414422
GLDD,2012-09-30,Q3,-3223000,287173000,790316000,480498000,-0.04489279981056715,-5.2083284826948155
HR,2012-12-31,FY,5535000,1120944000,2539972000,316350000,0.004937802423671477,-10.745522278681824
TILE,2012-12-30,FY,5943000,295702000,789367000,932020000,0.02009793643600652,34.038589449786286
CRS,2012-12-31,Q2,72700000,1187300000,2582200000,1078500000,0.24492546113029562,19.969005123574984
FRAF,2012-12-31,FY,5365000,91634000,1027363000,39142000,0.05854813715433136,21.428571428571427
BAH,2012-12-31,Q3,164245000,184522000,3150906000,4212769000,3.560442657244123,35.56035011357083
JBT,2012-12-31,FY,36200000,105600000,678000000,793900000,0.3428030303030303,65.05345620794199
CLFD,2012-12-31,Q1,545211,35483558,38280706,10265362,0.061460691174205245,360.35637260503484
UHS,2012-12-31,FY,489047000,2765949000,8200843000,6961400000,0.1768098399500497,65.8324774262225
SLG,2012-12-31,FY,209700000,6419802000,14387754000,1400255000,0.032664558813496114,20.13045989931681
KWR,2012-12-31,FY,50240000,281100000,536634000,708226000,0.17872643187477766,43.72447602095208
MGM,2012-12-31,FY,-1616912000,4365548000,26284738000,9160844000,-0.3703800759950412,100.85909339494528
VSYS,2012-12-31,FY,-2679186,-2501572,1439332,3602569,1.0710009545997476,66.66667287548397
LXRX,2012-12-31,FY,-110211000,266678000,371778000,783000,-0.4132736858683506,-18.099548431828406
PFMT,2012-12-31,FY,22951000,24073000,211745000,210073000,0.9533917667095917,4.0594042765020895
CORR,2012-11-30,FY,12348721,98855785,111431833,10573997,0.12491652360051564,-18.32247825783478
WTI,2012-12-31,FY,71984000,541187000,2348987000,874491000,0.1330113251057398,-0.062384456977391554
SASR,2012-12-31,FY,36554000,483512000,3955206000,143870000,0.07560101920945085,45.62307196469578
STBA,2012-12-31,FY,34200000,537422000,4526702000,156251000,0.06363714176196732,39.29164638283517
NATH,2012-12-23,Q3,5913000,34975000,50025000,45875000,0.6762544674767691,51.83623351366447
CRWS,2012-12-30,Q3,3256000,31622000,43577000,54805000,0.4118651571690595,53.599996566772454
AMRC,2012-12-31,FY,18360133,261819191,675472003,631170565,0.07012523768740848,-2.0387436736446913
BOTH,2012-12-31,FY,-26045,-72786,4505,0,0.3578298024345341,0.0
NSSC,2012-12-31,Q2,-299000,37108000,61027000,32428000,-0.032230246847041066,70.60439173560009
TWER,2012-12-31,FY,-20989575,57803908,67109714,32279430,-0.363116884761494,-10.461546936424869
ONSM,2012-09-30,FY,-2632676,9596056,16568831,18159335,-0.27434979537426624,-42.574469187347106
TTGT,2012-12-31,FY,4024000,199314000,220192000,99991000,0.020189249124497023,19.099097411727996
AFAN,2012-12-31,FY,-607884,262228,401737,135000,-2.318150617020303,3.8461594891973454
FSRL,2012-12-31,FY,275840,41197927,418277210,18812535,0.0066954825178461045,-8.287291762440248
ARCT,2012-12-31,FY,-413000,-796000,2933000,30000,0.5188442211055276,129.6688756062193
VRTS,2012-12-31,FY,37773000,244474000,332749000,280086000,0.15450722776246145,66.19811141262521
CYBA,2012-12-31,FY,-69929,-295766,0,0,0.2364335319137426,13.043476060201906
IRM,2012-12-31,FY,174834000,1149971000,6358339000,3005255000,0.1520333991031078,-1.8035391240043979
PSA,2012-12-31,FY,943035000,8093756000,8793403000,1826729000,0.1165138904607453,4.559878797052536
AMPE,2013-02-28,Q3,-15033,6240,6240,0,-9.636538461538462,104.63917525773196
ANGL,2012-09-30,FY,-57093,-11733,2311,0,4.866018920992073,0.6062896972815764
APEI,2012-12-31,FY,42323000,171153000,237603000,313516000,0.24728167195433326,19.241420178460668
IPCC,2012-12-31,FY,24319000,656242000,2303593000,1249633000,0.037057975563892585,23.111254948249744
MSN,2012-12-31,Q3,7480000,75382000,88880000,99783000,0.39691172959061843,10.404621130831712
MTSI,2012-12-28,Q1,6108000,208211000,270206000,75014000,0.11734250351806581,10.716680165874173
AMD,2012-12-29,FY,-1183000000,538000000,4000000000,5422000000,-2.1988847583643123,57.4999925494197
MRVL,2013-02-02,FY,306585000,4484595000,5261764000,3168630000,0.06836403287253363,60.88362860755838
SSNT,2012-12-31,FY,-1235170,-814531,2802277,2432187,1.516418650732753,8.333331781129008
TXN,2012-12-31,FY,1759000000,10961000000,20021000000,12825000000,0.16047805857129824,42.117197776929245
ALB,2012-12-31,FY,330127000,1833598000,3437291000,2745420000,0.1800432810245212,1.8351568081938618
LNT,2012-12-31,FY,335700000,3134900000,10785500000,3094500000,0.10708475549459313,17.513091900323026
FTK,2012-12-31,FY,49791000,154730000,219867000,312828000,0.32179280036192076,63.77049487882081
DTE,2012-12-31,Q4,618000000,7373000000,26339000000,8791000000,0.33527736335277364,10.441298620491159
KBH,2012-11-30,FY,-58953000,376806000,2561698000,1560115000,-0.15645451505549274,22.07521661391019
PIEX,2012-11-30,Q1,-172231,-1228187,134,0,0.5609276111862445,-99.05357146040745
OII,2012-12-31,FY,289017000,1815460000,2768118000,2782604000,0.1591976689103588,45.69622869063622
NPK,2012-12-31,FY,38875000,290571000,353912000,472490000,0.1337882995894291,16.888565016851466
LNN,2012-11-30,Q1,14728000,326073000,442878000,147370000,0.18067119939400073,-3.413828642382509
MAT,2012-12-31,FY,776464000,3067044000,6526785000,6420881000,0.2531636324747868,30.58438309561963
TRV,2012-12-31,FY,2473000000,25405000000,104938000000,25740000000,0.09734304270812832,25.70314559024287
HNRG,2012-12-31,FY,23807000,162009000,229207000,141323000,0.14694862631088396,-2.421305129820933
KSS,2013-02-02,FY,986000000,6048000000,13905000000,19279000000,0.16302910052910052,11.988502750277812
ULBI,2012-12-31,FY,-1598000,73521000,97718000,101657000,-0.02173528651677752,8.641974400173074
ENSG,2012-12-31,FY,39808000,326471000,690862000,824719000,0.12193426062345507,64.45671953226125
GLUX,2012-12-31,FY,2902136,39060738,84372495,137778876,0.07429803297623307,-39.99999761581421
NAUH,2012-11-30,Q2,2701000,51750000,84105000,63959000,0.20877294685990339,-7.323231289379704
ANNO,2012-12-31,Q1,-445684,13792463,28523362,33396,-0.12925436160314513,166.66666666666669
SBRA,2012-12-31,FY,19513000,305488000,916882000,103170000,0.06387484942125386,20.580116768027494
PENN,2012-12-31,FY,211971000,2250929000,5644057000,2899465000,0.0941704514002885,31.672280924347398
MHO,2012-12-31,FY,13347000,335428000,831300000,761905000,0.03979095364728049,-5.056604349388266
PSSR,2012-10-31,FY,2861477,10286917,18115767,12507382,0.27816662659959246,-31.03448124665186
CJJD,2012-12-31,Q3,-4480939,48235605,81250892,75108458,-0.3715876684867952,-16.666668525680887
JWN,2013-02-02,FY,735000000,1913000000,8089000000,11762000000,0.3842132775744903,5.412845436586153
COHU,2012-12-29,FY,-12243000,280899000,334873000,221162000,-0.04358506082257324,-7.011072123466687
ACRB,2012-12-31,FY,6453248,35570865,39807914,45937814,0.18141948473842287,-92.22222198306778
APT,2012-12-31,FY,977000,34833000,37299000,41058000,0.02804811529296931,51.74826264958578
CNX,2012-12-31,FY,388073000,3953792000,12670909000,5430307000,0.0981521030949529,17.632400655300817
EMR,2012-12-31,Q1,466000000,10478000000,23771000000,5553000000,0.1778965451422027,32.66616946908143
SMG,2012-12-29,Q1,-67700000,513800000,2128100000,205800000,-0.5270533281432463,41.248586375356
XRX,2012-12-31,FY,1223000000,11521000000,30015000000,6578000000,0.10615397968926309,78.15248524541586
WSO,2012-12-31,FY,157601000,1022040000,1682055000,3431712000,0.15420237955461627,29.292382329833693
P,2013-01-31,FY,-38148000,98989000,218832000,427145000,-0.38537615290587846,217.10067124761457
KMB,2012-12-31,FY,1828000000,4985000000,19873000000,21063000000,0.3667001003009027,25.464874650476922
EGN,2012-12-31,FY,253562000,2676690000,6175890000,1165580000,0.09472968479726827,55.35596099956405
FAF,2012-12-31,FY,301728000,2351769000,6050847000,4541821000,0.12829831501308164,16.604400060870468
TRNS,2012-12-29,Q3,1888000,29572000,50341000,52753000,0.25537670769646964,33.05227815994888
PRKA,2012-12-30,Q1,-212435,2572019,6508801,577425,-0.33037858585026003,0.0
CMS,2012-12-31,FY,384000000,3194000000,17131000000,6253000000,0.12022542266750157,9.598032129359236
PBI,2012-12-31,Q4,445163000,110631000,7859891000,495130000,16.095416293805535,119.73682712744431
RLJ,2012-12-31,FY,41319000,1789834000,3346385000,854205000,0.02308538110238156,25.503347509945147
SLB,2012-12-31,FY,5519000000,34751000000,61547000000,42149000000,0.15881557365255677,28.672430363887973
EPAM,2012-12-31,FY,54484000,286280000,350814000,433799000,0.19031717199944112,92.43094528723141
SCX,2012-12-31,Q2,125000,127353000,244948000,116766000,0.003926095184251647,47.42268527753939
ADBE,2013-03-01,Q1,65117000,6805338000,10165711000,675789000,0.03827407250014621,72.30729123368626
RCMT,2012-12-29,FY,3227000,58772000,84548000,145817000,0.05490709861838971,34.95145010806611
UTGN,2012-12-31,FY,9947436,75923326,441334393,44834295,0.13101949722276393,-3.7735849056603774
OSUR,2012-12-31,FY,-15115000,170315000,191725000,85753000,-0.08874732114024014,-15.738156888859283
GPK,2012-12-31,FY,120100000,974000000,4620800000,4337100000,0.12330595482546201,47.98762172080343
PRTS,2012-12-29,FY,-35978000,27644000,88877000,304017000,-1.3014759079727969,37.158466207717424
TMO,2012-12-31,FY,1177900000,15464700000,27444600000,10777600000,0.07616701261582831,73.3929107157468
MDT,2013-01-25,Q3,2498000000,17836000000,34949000000,12130000000,0.5602152949091724,23.136583589207874
EOG,2012-12-31,FY,570279000,13284764000,27336578000,11682636000,0.04292729626209393,38.54624127418404
JPM,2012-12-31,FY,21284000000,204069000000,2359141000000,97031000000,0.10429805604966948,31.794403352560956
OCLR,2012-12-29,Q2,-21630000,245378000,568937000,308278000,-0.35259884749244025,61.7834316556841
AMAT,2013-01-27,Q1,34000000,7141000000,11714000000,1573000000,0.019044951687438735,32.48456809996214
SAH,2012-12-31,FY,89101000,526545000,2776722000,6952727000,0.16921820547151714,17.23312822715363
WABC,2012-12-31,FY,81127000,560102000,4952193000,183364000,0.14484326069180256,32.777645067992346
VRTX,2012-12-31,FY,-51135000,999180000,2759288000,1333458000,-0.05117696511139134,76.34844080855555
NBR,2012-12-31,FY,164034000,5944929000,12656022000,6989573000,0.02759225551726522,16.74740484429066
KOS,2011-12-31,FY,22357000,1020726000,2551934000,676780000,0.02190303764183532,-4.012590301740001
CPB,2013-01-27,Q2,430000000,1160000000,8593000000,4669000000,1.4827586206896552,16.662071491109913
UNH,2012-12-31,FY,5526000000,31178000000,80885000000,7437000000,0.1772403617935724,37.868725046489864
AEE,2012-12-31,FY,-974000000,6616000000,21835000000,6828000000,-0.14721886336154777,17.643229809376272
LNDT,2012-12-31,Q3,8127503,139624943,193601272,3247572,0.2328381398157491,-61.11111074318119
DHC,2012-12-31,FY,1318017,8247833,37337789,80383821,0.1598016109201047,-5.541453044690051
DAN,2012-12-31,FY,315000000,1948000000,5144000000,7224000000,0.16170431211498973,24.59962325892576
HOLX,2012-12-29,Q1,3118000,2984376000,10468555000,535202000,0.004179098076113733,11.744129708093688
CFFN,2012-12-31,Q1,17563000,1669951000,9238786000,77676000,0.04206830020761088,3.421732990271624
KTCC,2012-12-29,Q2,7323000,87491000,136497000,192075000,0.3348001508726612,8.203126673470289
TPX,2012-12-31,FY,106800000,22300000,1313000000,1402900000,4.789237668161435,72.08637351725447
CHSCP,2012-11-30,Q1,345881000,4663737000,14008197000,11709938000,0.29665566475982674,-6.34069457572926
FRD,2012-12-31,Q3,4886241,62252002,69725192,104488762,0.31396522797772836,-16.007904188524453
WTBA,2012-12-31,FY,16011000,134587000,1448175000,50662000,0.11896394153967323,45.64007604977826
MRTN,2012-12-31,FY,27267000,329360000,490623000,638456000,0.08278783094486276,61.90865359325108
SHOO,2012-12-31,FY,119564000,626580000,804039000,1227072000,0.19082000702224775,30.19871621495399
HAFC,2012-12-31,FY,90374000,378364000,2882520000,119800000,0.2388546479051918,61.07431305274864
ACCA,2012-12-31,FY,186630,54065,226605,0,3.45195597891427,3899.999875823658
MMM,2012-12-31,FY,4511000000,17575000000,33876000000,29904000000,0.2566714082503556,50.15616635449282
CNC,2012-12-31,FY,-11295000,953056000,2741682000,112742000,-0.01185134976328778,41.731708805735515
PKG,2012-12-31,FY,163820000,969461000,2453768000,2843877000,0.1689804953474147,64.4658134913552
ABM,2013-01-31,Q1,13382000,859463000,2088148000,1182123000,0.06228074972395554,23.357667980898324
BRN,2012-12-31,Q1,-2786000,26592000,67516000,717000,-0.4190734055354994,-9.036143323751826
DCOM,2012-12-31,FY,40308000,391574000,3905399000,195954000,0.10293839733996639,26.647001158475163
EFSI,2012-12-31,FY,6550000,63706000,593276000,26566000,0.10281606128151194,2.272727272727273
CHMP,2012-10-31,FY,-22912973,-1377374,47966591,34975487,16.635258833112864,65.0
TATT,2012-12-31,FY,-2839796,-806078,2188631,477614,3.5229791657879264,43.36917758749107
AIG,2012-12-31,FY,3700000000,98002000000,548633000000,65656000000,0.0377543315442542,44.7875402691015
ZBRA,2012-12-31,FY,122904000,857002000,967748000,948227000,0.1434115673008931,37.44593460128263
CCK,2012-12-31,FY,658000000,-162000000,7490000000,8470000000,-4.061728395061729,20.863895731197434
AVT,2012-12-29,Q2,237786000,4105897000,10549530000,12569522000,0.23165315642355372,41.881736162033285
AJG,2012-12-31,FY,195000000,1658600000,5352300000,2520300000,0.1175690341251658,34.68974347400556
ERII,2012-12-31,FY,-8254000,87381000,104554000,42632000,-0.0944598940273057,69.70587703183463
CPIX,2012-12-31,FY,5806206,85696321,98593731,47944031,0.06775327029499902,22.380954759731964
CTHR,2012-12-31,FY,4377654,56605854,59876691,22450498,0.07733571160325574,29.336736555746885
HYSR,2012-12-31,Q2,-594119,-637040,56474,0,3.730497300012558,-29.999996274709616
RMD,2012-12-31,Q2,149207000,1751512000,2330375000,716269000,0.340750163287491,13.5674751769379
MCHX,2012-12-31,FY,-35196000,122935000,149147000,138305000,-0.2862976369626225,106.32601622290454
SRI,2012-12-31,FY,3748000,149753000,592691000,938513000,0.02502787924115043,149.02344306610772
ORRF,2012-12-31,FY,-38454000,87694000,1232668000,45436000,-0.4385020639952562,67.73858402914128
ELTP,2012-12-31,Q3,-109023,-12356162,10371138,195427,0.03529348352668086,50.0
EMKR,2012-12-31,Q1,2826000,82425000,172262000,49306000,0.13714285714285715,15.81394879478859
JOUT,2012-12-28,Q1,247000,174416000,300362000,87274000,0.0056646179249610126,38.98899446448847
PSMT,2012-11-30,Q1,20005000,421013000,779904000,535286000,0.1900653899048248,60.97782032952254
DVAX,2012-12-31,FY,-69949000,114826000,139752000,4610000,-0.6091738804800306,-29.82456140350877
ORI,2012-12-31,FY,-68600000,3596200000,16226800000,4970100000,-0.01907569100717424,60.56338961474601
MWA,2012-12-31,Q1,7000000,238700000,1199900000,245100000,0.11730205278592376,66.1318979146917
SIF,2012-12-31,Q1,3415000,63541000,98800000,28700000,0.2149793047009018,76.63491869729663
DLR,2012-12-31,FY,216047000,3468305000,8819214000,1279067000,0.06229181112964402,-27.88334139838296
TSOI,2012-12-31,FY,-805532,-192897,201557,1837480,4.175969558883756,-85.99999977648258
CDNS,2012-12-29,FY,439948000,915171000,2287003000,839129000,0.4807276454345691,3.1088088022090794
KALO,2012-09-30,Q3,-11470969,4433528,6158105,15887,-10.349292031086755,-0.33333343931833836
NFLX,2012-12-31,FY,17152000,744673000,3967890000,3609282000,0.023032928547160967,296.36028700044307
SAFE,2012-12-31,FY,-2064283,112663,174333,0,-18.32263476030285,75.21471701241079
IIIN,2012-12-29,Q1,2402000,147345000,195721000,85887000,0.06520750619294852,81.33012813165108
KDUS,2012-12-31,FY,-870471,22904502,22995519,0,-0.03800436263578226,19.999998297010123
UCC,2012-12-31,FY,-114000000,3322000000,6838000000,177000000,-0.03431667670078266,94.7985699846167
HBNC,2012-12-31,FY,19543000,158968000,1848227000,72528000,0.12293669166121483,30.483481249323646
DRGN,2012-12-31,Q3,-152827,-611961,137279,91081,0.9989329385369329,19.04762242656721
ALL,2012-12-31,FY,2306000000,20580000000,126947000000,33315000000,0.11205053449951409,35.00124972413005
CBKM,2012-12-31,Q2,1362000,29096000,344582000,6677000,0.18724223260929337,22.711866993015096
WBS,2012-12-31,FY,173697000,2093530000,20146765000,693502000,0.08296847907601038,49.82969371599605
PRA,2012-12-31,FY,275470000,2270580000,4876578000,715854000,0.12132142448185045,13.960662232913542
MKSI,2012-12-31,FY,48029000,1012156000,1134842000,536774000,0.047452171404408015,15.16679497001549
PATK,2012-12-31,FY,28095000,61408000,143469000,437367000,0.45751367899947887,86.31104024747479
SNT,2012-12-31,Q2,-3355339,1580975,5463787,0,-8.489290469488765,-12.958439854164784
SUME,2012-12-31,FY,-1618873,1860489,2959278,6294545,-0.8701330671667502,0.0
CHFN,2012-12-31,Q1,2334287,143988622,1034074367,11051910,0.06484642932411701,2.3584904811610645
