Symbol,EndDate,Quarter,NetIncome,StockholdersEquity,TotalAssets,NetSales,ROE,Percent_Growth
PPSI,2013-12-31,FY,5270000,30792000,53861000,88162000,0.17114835022083658,-10.87378509532993
CTHR,2013-12-31,FY,-1291098,57427673,62323852,28487187,-0.0224821576872878,-62.97029833386494
AXS,2013-12-31,FY,727465000,5817962000,19634784000,4196365000,0.12503777095828403,7.9882263221330225
BCBP,2013-12-31,FY,9416000,100060000,1207959000,57359000,0.09410353787727363,-12.342006475484153
FMCC,2013-12-31,FY,48668000000,12835000000,1966061000000,72702000000,3.791819244253993,-28.275867058462374
EA,2013-12-31,Q3,-359000000,2004000000,5573000000,2452000000,-0.716566866267465,106.5387967091502
ST,2013-12-31,FY,188125000,1141588000,3498824000,1980732000,0.16479237693458587,36.13618301809359
PLCE,2014-02-01,FY,53026000,616778000,990630000,1765789000,0.08597258657085693,17.94215739396823
ELMD,2013-12-31,Q2,-574667,13417608,17397783,6919253,-0.171317272050279,-22.94118199793922
TXRH,2013-12-31,FY,84087000,587659000,877644000,1422585000,0.14308808339530238,21.510790310613793
BTCS,2013-12-31,FY,98359,-490856,601123,1610704,-0.20038259693270533,1500.0
PFHO,2013-12-31,FY,1232577,2739831,3036950,6573106,0.44987336810190115,10.169486776686554
XPLR,2013-12-31,Q3,890000,16111000,24917000,13981000,0.22096704115200794,4.959999084472656
GFOO,2013-12-31,Q1,-921282,508618,1307335,15335,-7.245374721303611,-99.14285716201577
NATH,2013-12-29,Q3,7109000,42796000,53065000,52003000,0.6644546219272829,53.46222730915432
LNN,2013-11-30,Q1,10234000,389669000,521703000,147671000,0.10505326315411286,12.933469838022841
HAUP,2013-12-31,Q1,-383210,-2379573,16760604,6469479,0.6441659911252985,-62.201221994577104
SPB,2013-12-29,Q1,54921000,911817000,5648275000,1100600000,0.24092992343858471,20.288629632994855
BSET,2013-11-30,FY,5096000,157409000,225849000,321286000,0.032374260683950724,29.458387959112443
BGC,2013-06-28,Q2,-34900000,1238500000,4810000000,3202800000,-0.11271699636657247,27.334476608545106
HD,2014-02-02,FY,5385000000,12522000000,40518000000,78812000000,0.43004312410158124,39.05979925618226
WERN,2013-12-31,FY,86785000,772519000,1354097000,2029183000,0.11234027900931887,26.122123378078772
PODD,2013-12-31,FY,-44974000,124597000,287955000,247084000,-0.36095572124529485,24.743937150238
MAG,2013-12-29,FY,3132000,8236000,81969000,103316000,0.38028169014084506,29.166664785206997
KEQU,2014-01-31,Q3,2988000,31633000,64963000,84114000,0.37783327537697975,6.529624328449568
VNDA,2013-12-31,FY,-20255000,44124000,143349000,33879000,-0.4590472305321367,16.921840509995214
DXCM,2013-12-31,FY,-29800000,84100000,122500000,157100000,-0.35434007134363854,55.88817001074816
FATE,2013-12-31,FY,-20894000,50848000,55583000,626000,-0.41091095028319696,-10.031848620911815
CCFN,2013-12-31,FY,6818000,75796000,624010000,20691000,0.08995197635759143,8.108108108108109
ES,2013-12-31,FY,-54665000,267727000,2420543000,1804398000,-0.2041818718321275,28.969094022434994
RMCF,2013-11-30,Q3,2906265,18967790,24242200,22666134,0.6128842632694689,-1.78571812008581
CODI,2013-12-31,FY,78816000,473385000,1044913000,985539000,0.16649450236065783,-17.167595904029366
MTRX,2013-12-31,Q2,16863000,257437000,535907000,537215000,0.26201361886597496,-8.022926595731724
NNRX,2014-01-31,Q2,-1225975,-642386,893249,1226979,7.633883677415136,-97.11815570777166
CRVP,2013-10-31,FY,571411,4398683,38273091,70980512,0.12990501929782164,-10.34483136612886
KFS,2013-12-31,FY,-36084000,35474000,324639000,172278000,-1.017195692619947,45.12819766684807
APDN,2013-12-31,Q1,-6291650,1882478,6240605,597354,-13.36886805582854,-70.20833293596903
CHE,2013-12-31,FY,77227000,448890000,893701000,1413329000,0.17203992069326562,40.120068861705725
AVNW,2013-12-27,Q2,-23500000,128900000,279400000,115400000,-0.7292474786656322,-32.456143530769936
FUL,2013-11-30,FY,97186000,930065000,1873028000,2046968000,0.10449377194067082,-14.946830120213297
AP,2013-12-31,FY,12437000,234995000,502673000,281050000,0.05292453030915551,-0.8740363476893429
TMP,2013-12-31,FY,50987000,456487000,5003039000,185104000,0.11169430892884134,7.99766619802577
WSBF,2013-12-31,FY,14708000,214472000,1947039000,62864000,0.06857771643850946,28.995130885037906
COF,2013-12-31,FY,4159000000,41744000000,297048000000,19898000000,0.09963108470678421,8.745590516725413
ACUR,2013-12-31,FY,-13901000,17923000,28630000,113000,-0.775595603414607,-72.75449112055014
SBSI,2013-06-30,Q2,20110000,236120000,3385665000,55776000,0.3406742334406234,24.040115396107804
VNCE,2013-11-02,Q3,-28002000,-181204000,470251000,577915000,0.61813205006512,22.29588015898529
PTEN,2013-12-31,FY,188009000,2755997000,4687127000,2716034000,0.06821814392395928,-33.60979593779934
QNBC,2013-12-31,FY,8392000,75625000,932883000,30584000,0.11096859504132231,12.648224740860673
TDC,2013-12-31,FY,377000000,1857000000,3096000000,1230000000,0.20301561658589123,-1.9344933735884928
WLK,2013-12-31,FY,610425000,2418603000,4060909000,3759484000,0.25238743191834295,1.4499849655864743
BRKR,2013-12-31,FY,81800000,846100000,1988300000,1611400000,0.09667887956506323,0.7587233943202497
RBC,2013-12-28,FY,126000000,2056200000,3643500000,3095700000,0.061278085789320105,-7.943466779621246
BH,2013-12-18,Q1,16491000,584961000,1001311000,168803000,0.11276649212511604,-19.584235276020763
DENN,2013-12-25,FY,24572000,8431000,295777000,328334000,2.9144822678211364,35.14247208690988
HZO,2013-12-31,Q1,-3369000,221252000,378137000,109592000,-0.06090792399616727,24.751241051741456
ETN,2013-12-31,Q4,1873000000,16791000000,35491000000,22046000000,0.4461914120659877,-9.655814291002056
IBIO,2013-12-31,Q2,-1245000,7954000,9618000,0,-0.626100075433744,97.05882352941177
AXL,2013-12-31,FY,94500000,33600000,3029000000,3207300000,2.8125,11.00244457730078
SKY,2013-11-30,Q2,-3592000,42059000,65982000,95257000,-0.3416153498656649,-22.334002856225915
NDAQ,2013-12-31,FY,384000000,6184000000,12577000000,3211000000,0.062095730918499355,22.185916306169407
ALG,2013-12-31,FY,36094000,350465000,438476000,676836000,0.10298888619405647,-19.278294962908685
NTCT,2013-12-31,Q3,32430000,395598000,577877000,163895000,0.3279086345229248,24.028389907695672
PKE,2013-12-01,Q3,17695000,313542000,382143000,127613000,0.22574328160182686,-14.01607879529703
DEWY,2013-12-31,Q2,-465913,2079914,4310988,1360524,-0.8960235855905581,13.999998569488525
HURN,2013-12-31,FY,66433000,530264000,885600000,720522000,0.1252828779626752,11.137711123138942
ODP,2013-12-28,FY,-20000000,2063000000,7477000000,11242000000,-0.009694619486185167,69.02486197980166
GEOS,2013-12-31,Q1,24176000,314821000,365402000,101348000,0.30717137675059797,-70.69949310960226
HTLF,2013-12-31,FY,36853000,439460000,5923716000,199511000,0.08385973694989306,-3.9597126111317076
WSCO,2013-12-31,Q1,-19171,-89704,3963,25350,0.8548559707482386,240.9090927563423
REGI,2013-12-31,FY,186366000,594070000,740855000,1498011000,0.31371050549598534,-14.310648672457893
MAN,2013-12-31,FY,288000000,2914200000,7288300000,20250500000,0.09882643607164916,-19.33379729340433
KEX,2013-12-31,FY,256299000,2010686000,3682517000,2242195000,0.12746843614567366,-18.53904435856817
MNTX,2013-12-31,FY,10178000,84991000,182730000,245072000,0.11975385629066607,-19.773301767594496
BRT,2013-12-31,Q1,-3751000,136265000,613571000,14848000,-0.11010897882801893,-1.4144325182700457
AMS,2013-12-31,FY,-312000,19620000,71742000,17584000,-0.015902140672782873,1.8050524426198775
UNTY,2013-12-31,FY,5115000,57173000,921118000,33954000,0.08946530705053085,21.148840476689532
HEES,2013-12-31,FY,44140000,94812000,1090340000,56694000,0.4655528836012319,-3.5099528776085314
MTDR,2013-12-31,FY,45094000,568924000,890330000,260889000,0.07926190492930514,6.437772544165764
CRUS,2013-12-28,Q3,95509000,625023000,722440000,564679000,0.611235106548079,15.197266573470127
MXC,2013-12-31,Q3,298841,13355144,17147147,3079997,0.08950588627123751,-20.00000138213667
PLOW,2013-12-31,FY,11639000,155321000,364339000,194320000,0.07493513433470039,29.66706219771018
CNX,2013-12-31,FY,659056000,5006289000,11393667000,3299685000,0.13164561614401407,-10.383810280789389
ADUS,2013-12-31,FY,19145000,113856000,163934000,265941000,0.16815099775154582,7.8396359096727295
DTH,2013-12-31,FY,-249501000,183785000,1499921000,3287184000,-1.357569986669206,-10.162343798885107
INTG,2013-12-31,Q2,-7476000,-41786000,166698000,33815000,0.7156463887426411,-4.651166149254933
CVBF,2013-12-31,FY,95608000,771887000,6664967000,232773000,0.12386268974603795,-4.745163915778992
DAL,2013-12-31,FY,10540000000,11643000000,52252000000,37773000000,0.905264966074036,79.21369047251213
VICT,2013-12-31,FY,22327000,118927000,636246000,486796000,0.18773701514374364,-58.333333333333336
HGBL,2013-12-31,FY,-6396000,39497000,49995000,6022000,-0.16193634959617187,-54.92957711006955
PSA,2013-12-31,FY,1057531000,8791730000,9876266000,1981746000,0.12028701973331755,25.312244062762968
IEP,2013-12-31,Q4,2444000000,6092000000,31745000000,17785000000,1.6047275114904793,-14.404534876812583
CHSCP,2013-11-30,Q1,243028000,5542195000,14615896000,11026121000,0.17540198423187925,5.8108084161757345
NOG,2013-12-31,FY,53067036,619828361,1519599960,335773871,0.08561569514887041,-62.11015286633877
MMTC,2013-10-31,FY,-998350,-1023269,184961,0,0.9756476547222676,-94.9999999254942
CYBA,2013-12-31,FY,-75457,-371223,0,0,0.20326596143019154,130.7692321469269
NUS,2013-12-31,FY,364888000,858619000,1821062000,3176718000,0.4249707961272695,-67.96411634478812
CI,2013-12-31,FY,1478000000,10567000000,54336000000,1827000000,0.13986940475063878,19.284401543007483
FBP,2013-12-31,FY,20699000,371922000,3185070000,147511000,0.05565414253526277,-5.169631158373026
KNX,2013-12-31,FY,70024000,551495000,807121000,969237000,0.12697123274009736,85.16902291127127
PRA,2013-12-31,FY,297523000,2394414000,5150891000,740178000,0.12425712512539602,-6.1468638002773055
WARM,2013-06-30,Q2,-960222,-205076,143941,0,18.729095554818702,75.94443831841176
AIV,2013-12-31,FY,237825000,967457000,6079413000,974053000,0.24582487903855157,46.468561549169706
QDEL,2013-12-31,FY,7390000,223779000,271485000,175410000,0.033023652800307446,-8.060860538419398
NBR,2013-12-31,FY,361992000,5969086000,12159811000,6152015000,0.06064446047518833,-24.072984108299
FERN,2013-12-31,Q3,-25945,-48063,2049,0,2.1592493186026673,105.55555914862111
ZION,2013-12-31,FY,263455000,6464563000,56031127000,1941405000,0.040753721481250935,-4.30573780907516
TKOI,2013-12-31,FY,-3994731,4537200,10858949,13889846,-0.8804396984924623,-32.27272511760064
WTBA,2013-12-31,FY,16891000,123625000,1442404000,52741000,0.1366309403437816,7.585339987914498
PGAI,2013-12-31,FY,-6904000,-76615000,1271000,16000,0.09011290217320368,-96.96969702982885
HTLD,2013-12-31,FY,70582000,397653000,724841000,582257000,0.17749646048187742,38.07338936712484
DLR,2013-12-31,FY,320449000,3610516000,9685745000,1482259000,0.08875434979376909,36.543161956967694
AMTX,2013-12-31,FY,-24437209,-12767149,97141892,177513972,1.9140693822873063,73.3542354424533
SKX,2013-12-31,FY,60868000,930322000,1408570000,1846361000,0.06542680921229424,68.7896154104562
TBTC,2013-12-31,FY,580363,3208662,6358751,5322364,0.18087383463886192,-27.43362864533833
TSRI,2013-11-30,Q2,90946,8969011,13192121,24253132,0.04056010188860288,-2.6162834619430586
RRC,2013-12-31,FY,115722000,2414452000,7299086000,1862719000,0.0479288882114865,-36.36578925459791
PHH,2013-12-31,FY,164000000,1666000000,3006000000,2842000000,0.09843937575030012,-1.6837775810636861
FSTJ,2013-12-31,Q2,-33243,-21604,51483,0,6.1549713016108125,-33.333328918174345
NPHC,2013-12-31,FY,-4342964,-4219449,129361,122198,1.029272779455327,-25.333333995607138
RNGE,2013-12-31,FY,-452209,102605714,111723418,10315701,-0.004407249678122215,-9.523806550335047
VYEY,2013-09-30,Q3,-1218912,2458561,3144912,500526,-1.9831307826000657,89.99999686291339
RMTI,2013-12-31,FY,-48783312,595539,36362124,52379543,-81.91455471430082,-6.513406449030939
CHYI,2013-12-31,FY,-16354397,141289196,276601283,14930274,-0.1157512213460398,40.0
GRC,2013-12-31,FY,30104000,264140000,355638000,391665000,0.11396986446581359,-2.991325129737362
FCRM,2013-12-31,FY,-2908414,5716517,20503988,10370788,-0.5087737865556947,23.529406608594797
DVN,2013-12-31,FY,-20000000,20499000000,42877000000,10397000000,-0.0009756573491389824,-1.3091927793396436
ENSV,2013-12-31,FY,4301237,12845116,33422248,46473902,0.33485388532108235,-13.812154890199594
RDN,2013-12-31,FY,-196985000,939645000,5621691000,758987000,-0.20963768231619387,19.19263498662323
GACR,2013-06-30,Q2,35080974,-35891472,2328947,647788,-3.909672358938079,-93.46153786637372
IEX,2013-12-31,FY,255215000,1572989000,2887577000,2024130000,0.16224843276081397,6.066355381853528
LCTC,2013-12-31,FY,574755,4396016,5159574,8043538,0.13074451958318623,417.24139419378804
JPM,2013-12-31,Q4,17923000000,211178000000,2415689000000,96606000000,0.3394861207133319,7.985639569421914
AIRI,2013-12-31,FY,3739000,21613000,50172000,62833000,0.17299773284597234,11.358570825842
INTC,2013-12-28,FY,9620000000,58256000000,92358000000,52708000000,0.16513320516341665,45.26111676183119
FCNCA,2013-12-31,FY,167699000,2076675000,21199091000,796804000,0.08075360853287106,14.535327629079086
RICK,2013-12-31,Q1,2357000,96764000,238884000,12730000,0.09743292960191807,-13.557855830466684
BSRR,2013-12-31,FY,13369000,181674000,1410249000,51785000,0.07358785516914913,9.260408682336244
CDTI,2013-12-31,FY,-7098000,5446000,28369000,55284000,-1.3033419023136248,24.666666666666668
DAR,2013-12-28,FY,108967000,2020952000,3244133000,1723550000,0.053918648241027003,-12.33797265596421
USEG,2013-12-31,FY,-7379000,109057000,126801000,33647000,-0.06766186489633862,-63.82978888897757
NCMI,2013-12-26,FY,129800000,-354300000,1067300000,462800000,-0.36635619531470504,-29.464730212540662
BLKB,2013-12-31,FY,30472000,161544000,706610000,503817000,0.18862972317139604,14.767589198561012
MATW,2013-12-31,Q1,7906000,557850000,1217301000,229945000,0.05668907412386842,15.019942782227611
PMD,2013-12-31,FY,3805210,12277125,16549816,26870297,0.3099430852092815,3.5398262261223543
PLAB,2014-02-02,Q1,2041000,580434000,870768000,101542000,0.014065337316559678,2.941173720662243
ATNI,2013-12-31,FY,349205000,643330000,859719000,292835000,0.5428085119612018,21.61923885966108
QNST,2013-12-31,Q2,-44968000,240143000,373221000,143106000,-0.7490203753596816,-32.33601382772954
PPMT,2013-11-30,Q2,-206052,-174026,171476,372288,4.736119890131359,-87.85714252262699
NPWZ,2013-09-30,FY,-2385899,-1345942,142803,149179,1.7726610804923244,100.0
ADI,2014-02-01,Q1,152586000,4795635000,6399468000,628238000,0.1272707368263014,10.262383540137664
NBHC,2013-12-31,FY,6927000,897792000,4914115000,195475000,0.007715595594525235,-7.990650069881156
VASO,2013-12-31,FY,-1145000,6465000,33517000,4573000,-0.177107501933488,-50.0
BPTH,2013-12-31,FY,-3266013,4783933,5078831,0,-0.6827045863727607,-32.75
SBSI,2013-12-31,FY,41190000,259518000,3445663000,119602000,0.15871731440593717,12.796267620071433
NBN,2013-12-31,Q2,1713000,114383000,732625000,19430000,0.05990400671428447,1.0438453263686571
GPK,2013-12-31,FY,146700000,1062300000,4559300000,4478100000,0.13809658288619034,44.06249348074224
PURE,2014-01-31,Q2,-6326000,890000,2413000,156000,-28.431460674157304,-48.905110537030886
PLXS,2013-12-28,Q1,17663000,722021000,1473414000,533905000,0.09785310953559523,0.5876821688284181
BRID,2013-11-01,FY,2916000,33455000,64764000,129003000,0.08716185921386937,-13.522012232822492
FBIZ,2013-12-31,FY,13746000,109275000,1268655000,53810000,0.12579272477693892,23.119852553794278
GES,2014-02-01,FY,157711000,1154514000,1764431000,2451580000,0.13660380038700268,-30.521641843967878
UWN,2014-01-31,Q3,-198108,27614559,44021625,46816034,-0.02869616711967046,-17.999998728434242
MRIN,2013-12-31,FY,-35852000,115344000,137377000,77315000,-0.3108267443473436,-17.87109558977785
MMC,2013-12-31,FY,1385000000,7975000000,16980000000,12261000000,0.17366771159874608,20.057900414631398
SPB,2013-09-30,FY,-47510000,884717000,5619044000,4085581000,-0.053700787935577136,27.19383244265411
GIFI,2013-12-31,FY,7232000,275562000,426234000,608326000,0.02624454750655025,-15.891467423889024
AWRE,2013-12-31,FY,2596000,85150000,89329000,3148000,0.030487375220199647,-24.87724955338465
CBI,2013-12-31,FY,512590000,2344579000,9389593000,11094527000,0.21862773657872053,0.0
TPC,2013-12-31,FY,87296000,1247535000,2828833000,4175672000,0.06997479028644486,-7.528515588115376
ATLC,2013-12-31,FY,-17665000,1164000,352235000,69521000,-15.176116838487973,-33.521128822664195
RLJ,2013-12-31,FY,114179000,2127767000,3717974000,970380000,0.05366142063487214,40.337177205552265
YPPN,2013-11-30,Q2,3941629,-3119556,67995,31260,-5.054089748669362,-48.75000121071933
ENGT,2013-12-31,FY,-247137,4436737,10356561,5440621,-0.0557024227489707,51.99999809265137
LODE,2013-12-31,FY,-21347020,20243748,43999996,24826587,-1.0544993940845342,-58.285714285714285
CIK,2013-12-29,FY,89349000,1598041000,5081191000,2463802000,0.05591158174289646,-8.426965088152592
AAT,2013-12-31,FY,22594000,648511000,1832443000,255057000,0.03483980996467292,29.271398897900834
EMAX,2013-12-31,FY,-24895000,-108563000,571973000,826672000,0.22931385462818824,100.0
EMKR,2013-12-31,Q1,-2054000,100292000,167243000,44211000,-0.08192079128943484,4.101563336735144
MARK,2013-12-31,FY,-6965358,2255929,7721755,2048304,-3.087578554112297,-3.648062240144205
RCAR,2013-12-31,FY,-1068310,1697486,1752927,0,-0.6293483421954584,-18.18181872915192
CBU,2013-12-31,FY,78829000,875812000,7095864000,264159000,0.09000675944152398,-2.4445595091807495
YUMM,2013-12-31,Q1,-83282,-43510,542,0,7.656354860951505,0.0
PFG,2013-12-31,FY,696600000,9684200000,208191400000,5984300000,0.0719315999256521,7.219625754303951
MDT,2014-01-24,Q3,2617000000,19354000000,37231000000,12440000000,0.5408701043711894,34.62210838638772
PLPL,2013-12-31,Q2,-4044655,-4485916,8731880,240002,3.6065365468278943,24.489796414865836
BA,2013-12-31,FY,4585000000,14875000000,92663000000,76792000000,0.30823529411764705,-3.4141720818838754
GBX,2013-11-30,Q1,22997000,447599000,1282578000,359473000,0.20551431080051563,76.2948864085073
WEN,2013-12-29,FY,44632000,1929486000,4363040000,2165829000,0.023131549023936944,2.176409438951076
ERIE,2013-12-31,FY,1048000000,734000000,16676000000,6271000000,1.4277929155313351,25.191462632714888
VICR,2013-12-31,FY,-23504000,139176000,165640000,199160000,-0.16887969190090246,-9.687035643399714
TFC,2013-12-31,FY,-674659,-173569,5522,0,3.8869786655451146,5.412648644913625
NSSC,2013-12-31,Q2,491000,40552000,60322000,35592000,0.04843164332215427,-24.044588828571353
CMTL,2014-01-31,Q2,11288000,379945000,655214000,168867000,0.11883825290502573,8.612757503821124
KWR,2013-12-31,FY,58851000,336154000,584146000,729395000,0.1750715445896821,17.970674100120977
CTO,2013-12-31,FY,3683247,120169357,226183680,25837844,0.030650467739458738,52.411122472629565
UFI,2013-12-29,Q2,14830000,284298000,446172000,329286000,0.20865429936193713,9.595042257410094
FIS,2013-12-31,FY,517700000,6580500000,13960100000,6070700000,0.07867183344730644,17.66020769065136
AAON,2013-12-31,FY,37547000,164106000,215444000,321140000,0.22879724080777059,4.8826312331432185
IFLM,2013-09-30,FY,-1544208,-2983493,2713,0,0.5175839192516959,-88.06451612903226
AIT,2013-12-31,Q2,52753000,773479000,1074159000,1187254000,0.27280895796783106,-5.663065330323331
STC,2013-12-31,FY,72584000,655298000,1326058000,1927980000,0.11076487338584888,15.494266901372406
HCA,2013-12-31,FY,1996000000,-8270000000,28831000000,34182000000,-0.24135429262394195,55.66966687961595
AYI,2013-11-30,Q1,44500000,1039600000,1966200000,574700000,0.17121969988457098,35.026867619529725
MSM,2013-11-30,Q1,59046000,1325263000,1967739000,678510000,0.17821670113781188,-0.4868736296659782
OFED,2013-12-31,Q2,1932000,75413000,360602000,6502000,0.10247570047604525,13.636361173361838
NECB,2013-12-31,FY,1137000,104168000,458225000,18552000,0.010915060287228323,-1.8005534895497455
ANNO,2013-12-31,Q1,-1243586,7005931,25403609,345870,-0.7100189824878378,0.0
MMSI,2013-12-31,FY,16570000,405706000,728283000,449049000,0.04084238340078776,11.372305854869671
BOOM,2013-12-31,FY,7587000,172792000,240612000,209573000,0.043908282790869946,-24.885004159932674
DRI,2014-02-23,Q3,199700000,2121700000,7224800000,6441500000,0.3764905500306358,21.956480273064955
GENC,2013-12-31,Q1,446000,110934000,115809000,10019000,0.016081634124794922,-0.83857360614916
PHOT,2013-12-31,FY,-21380138,-5843964,5757370,4858976,3.6584992652247688,-86.0264898651528
GEO,2013-12-31,FY,115197000,1023522000,2889364000,1522074000,0.11254960811785189,27.157048852101095
WMTN,2013-10-31,FY,-7609827,-7056298,1501259,94233,1.078444674530469,-59.82142857142857
IROQ,2013-12-31,Q2,1639000,78931000,568249000,9313000,0.08305988775006018,1.1975978829573268
TDG,2013-12-28,Q1,86123000,-234182000,6292487000,529322000,-1.47104388894108,25.352377361895677
FARM,2013-12-31,Q2,6514000,91180000,252238000,270712000,0.28576442202237334,30.739464953453233
BMNM,2013-12-31,FY,-2544689,1743573,414527646,9794654,-1.4594680004794751,533.3333222954366
ADTN,2013-12-31,FY,45794000,604606000,789898000,641744000,0.07574188810564235,-17.993337908804445
MOV,2014-01-31,FY,51545000,463304000,578610000,570255000,0.11125524493637007,-36.344369041998654
BMRN,2013-12-31,FY,-176353000,1341041000,2249217000,538360000,-0.13150455504343267,28.41506509928787
HBI,2013-12-28,FY,330494000,1230623000,4090048000,4627802000,0.26855828308100854,59.98563349900593
FBMS,2013-12-31,FY,4639495,85108340,940890075,31318033,0.05451281272787132,7.132667384801997
FMI,2013-12-31,FY,-42944000,131711000,157268000,28990000,-0.3260471790511043,-5.163726104092232
KMT,2013-12-31,Q2,62725000,1871997000,3808200000,1309743000,0.1340279925662274,-30.823889631510642
ONCI,2014-01-31,Q1,-243705,-2080919,116794,0,0.4684564848511643,-95.3333333954215
LTTC,2013-12-31,FY,-1002326,-2470304,4763792,8269834,0.4057500615308885,-51.51515452548699
SCHW,2013-12-31,FY,1071000000,10381000000,143642000000,5435000000,0.10316925151719487,16.730770697960487
PTAM,2013-12-31,Q3,-66175,-1781222,177,0,0.14860584475152452,-75.0
FTI,2013-12-31,FY,506600000,2317200000,6605600000,5724700000,0.2186259278439496,-9.136179576323748
NSYS,2013-12-31,FY,787376,21935448,46075421,111058439,0.03589514105205419,4.18943585905909
LOPE,2013-12-31,FY,88711000,344844000,616100000,598335000,0.257249654916426,7.201842463846556
ITW,2013-12-31,FY,1679000000,9709000000,19966000000,14135000000,0.17293233082706766,14.260225502684353
DOV,2013-12-31,FY,1003129000,5377396000,10838172000,8729813000,0.18654549525458047,-8.295682026639252
DMRC,2013-12-31,FY,-507000,50923000,57197000,11631000,-0.009956208393064037,41.27725213455186
DWOG,2013-09-30,FY,-2463403,23444311,24366368,0,-0.10507465969036156,20.0
NTGR,2013-12-31,FY,55217000,773783000,1093930000,1369633000,0.07135979984052376,10.109294616064998
MRO,2013-12-31,FY,1753000000,19344000000,35620000000,12419000000,0.09062241521918941,-19.49008302964344
ARC,2013-12-31,FY,-14575000,91690000,409922000,355358000,-0.15895953757225434,24.69585969618165
UNB,2013-12-31,FY,7135000,49820000,585443000,24481000,0.14321557607386592,4.652172586192256
EVI,2013-12-31,Q2,903077,3773248,10573982,18064800,0.9573470919483692,-7.000001271565755
AMSC,2013-12-31,Q3,-33553000,111212000,178371000,67830000,-1.2068122145092257,-54.268291619191324
ESP,2013-12-31,Q2,1160059,29938513,32381763,13490596,0.15499220018041643,-27.083334307265456
INUV,2013-12-31,FY,477216,5341866,24935631,54990340,0.08933507504680949,-6.870222755762177
DPZ,2013-12-29,FY,142985000,-1290202000,525255000,1802223000,-0.11082373147770659,36.51315710508116
AWI,2013-12-31,FY,94100000,673200000,2916600000,2719900000,0.13978015448603684,-11.577854388087074
FGBI,2013-12-31,FY,9146000,123405000,1436441000,50886000,0.07411369069324582,35.52067313794906
DLTR,2014-02-01,FY,596700000,1170700000,2771900000,7840300000,0.5096950542410523,43.1159380784338
PBH,2013-12-31,Q3,56614000,543934000,1864846000,454159000,0.41632992238028876,-0.4189880289895687
BCC,2013-12-31,FY,116936000,452481000,1104186000,3273496000,0.25843295077583367,26.35685406518241
VYEY,2013-03-31,Q1,-453354,1908794,2360309,93768,-0.9500323240747823,16.66667224370964
VRNT,2014-01-31,FY,58776000,626974000,1772907000,416478000,0.09374551416805163,17.47358719008176
PBSV,2014-01-31,Q1,661933,18741163,21078339,7007652,0.14127895904859267,-35.6435661093416
FCN,2013-12-31,FY,-10594000,1042259000,2364947000,1652432000,-0.010164460081419302,-4.18084892129558
CECO,2013-12-31,FY,-164263000,455384000,805045000,1057360000,-0.3607131563691302,-2.1671791706658983
BRKL,2013-12-31,FY,37173000,613867000,5325106000,206384000,0.060555462339562154,6.178011945594429
HTM,2013-12-31,FY,4130649,69557409,232765297,27370934,0.05938474505282392,21.372040127383325
BBRG,2013-12-29,FY,7543000,103776000,254852000,411091000,0.07268539932161579,-20.36697153524296
HOLX,2013-12-28,Q1,-5351000,1950531000,8484308000,612448000,-0.010973422109158993,20.654124880747982
TEI,2013-12-31,FY,-5767,-30743,2101,0,0.18758741827407865,-17.06959698770256
IVDN,2013-10-31,FY,-142761,-355123,878524,484299,0.402004375948615,315.38463184349223
AEIS,2013-12-31,FY,32086000,464462000,652977000,547004000,0.06908207775878328,4.768154520933443
ULBI,2013-12-31,FY,-926000,73744000,90194000,78835000,-0.012556953786070732,0.0
SCIA,2013-12-31,FY,-287646,2724749,5871217,7886259,-0.10556788900555611,2.6315764707211
APT,2013-12-31,FY,2079000,35581000,38563000,43806000,0.058430060987605746,15.81394879478859
CYRX,2013-12-31,Q3,-18123516,-1400403,1650957,1825117,51.7665729079415,40.62500562674068
BRO,2013-12-31,FY,217112000,2007141000,3649508000,1363279000,0.10816977980121975,5.957307958729811
AON,2013-12-31,FY,1148000000,8145000000,30251000000,11815000000,0.1409453652547575,14.709743780028974
HBAN,2013-12-31,FY,638741000,6099323000,59476344000,1860637000,0.10472326190955947,10.46632402909527
EML,2013-12-28,FY,6901921,81504851,113858409,142458279,0.08468110689509757,3.794363072796983
SNV,2013-12-31,FY,159383000,2948985000,26201604000,929014000,0.05404673133298406,8.809520818028501
PRK,2013-12-31,FY,77227000,651747000,6638347000,262947000,0.11849229839186065,4.478661775316258
BMS,2013-12-31,FY,212600000,1684800000,4110200000,5029800000,0.12618708452041785,11.767577642967797
HEI,2014-01-31,Q1,32562000,607242000,1523566000,266826000,0.2144910925133637,14.017283191010025
EXPD,2013-12-31,FY,350011000,2084783000,3014812000,6080257000,0.16788845649643153,0.9265533274849929
FRT,2013-12-31,FY,167608000,1448160000,4219294000,637413000,0.115738592420727,34.444326411983376
FIBK,2013-12-31,FY,86136000,801581000,7564651000,257662000,0.10745763684518471,-1.7271824602456989
TRST,2013-12-31,FY,39812000,361813000,4521452000,151047000,0.11003474170358721,1.5320312358874801
ILMN,2013-12-29,FY,125308000,1533202000,3019006000,1264656000,0.08172960901433732,70.7804012341619
RPM,2013-11-30,Q2,175303000,1322222000,4070521000,2236161000,0.5303284924921836,21.18902444934032
ACN,2014-02-28,Q2,1423146000,5272315000,16357209000,14489416000,1.0797124223419883,8.014397633432255
OPY,2013-12-31,FY,26153000,522518000,2952720000,1019714000,0.0500518642419974,-4.358353082242208
FET,2013-12-31,FY,129604000,1330355000,2168869000,1524811000,0.09742061329494758,-25.583864646228815
PCAR,2013-12-31,FY,1171300000,6634300000,20725500000,17123800000,0.17655216074039462,16.275144436449075
CSCO,2014-01-25,Q2,3425000000,56069000000,98427000000,17820000000,0.2443417931477287,28.2272685657848
VMI,2013-12-28,FY,97954000,1522025000,2776494000,689230000,0.06435768137842676,-13.114533378048938
PH,2013-12-31,Q2,497724000,6295226000,12863936000,6332150000,0.31625488902225274,1.3059763234929722
GREE,2013-10-31,Q2,-7291,-1565,329,0,18.63514376996805,-51.12107962068464
HTH,2013-12-31,FY,126709000,1311141000,8903223000,329075000,0.09664025455690883,-13.705145660666258
PANW,2014-01-31,Q2,-47807000,284444000,689026000,156308000,-0.6722869879484187,112.59881838073133
LDOS,2014-01-31,FY,164000000,1595000000,4162000000,5772000000,0.10282131661442007,-8.689895486213622
CVGI,2013-12-31,FY,-12451000,59941000,432441000,747718000,-0.2077209255768172,-7.427784914302131
LNCE,2013-12-28,FY,79084000,918730000,1764594000,1761049000,0.08607969697299533,7.684280482909367
KDUS,2013-12-31,FY,-487706,22416796,22477406,0,-0.021756275963790723,-15.47619039171677
HP,2013-12-31,Q1,173182000,4568612000,6410587000,889152000,0.15162767159916404,-20.361563241853798
SLM,2013-12-31,FY,1417000000,5637000000,159543000000,5377000000,0.25137484477558986,10.088743971393495
ONB,2013-12-31,FY,100920000,1162640000,9581744000,341810000,0.08680244959746783,-2.4723494942764956
JWN,2014-02-01,FY,734000000,2080000000,8574000000,12166000000,0.3528846153846154,36.77974905851407
AME,2013-12-31,FY,516999000,3136121000,5877902000,3594136000,0.16485301428101787,1.1581557462654786
EXC,2013-12-31,FY,1729000000,22732000000,79924000000,24888000000,0.0760601794826676,39.10186466677497
VALU,2014-01-31,Q3,5087000,33087000,85700000,27239000,0.6149847372079669,20.192312100935425
DLA,2013-12-28,Q1,-1597000,137940000,345395000,100012000,-0.046309989850659705,-38.715379850687306
NHI,2013-12-31,FY,107182000,766546000,1455820000,117828000,0.13982461587432457,26.898403525351554
NKTR,2013-12-31,FY,-162013000,-89903000,434527000,44846000,1.8020866934362592,35.330388902491464
GIS,2014-02-23,Q3,1419800000,6307700000,22925000000,13625800000,0.9003598776099053,7.261791088040461
COHU,2013-12-28,FY,-33418000,253160000,345423000,247300000,-0.13200347606256913,15.748783581543574
PSIX,2013-12-31,FY,-18760000,50421000,126619000,237842000,-0.37206719422462864,-29.06790740332688
TRIP,2013-12-31,FY,205443000,864480000,1473014000,727236000,0.23764922265408106,-8.86152819633675
WGO,2014-03-01,Q2,20739000,176238000,309126000,451481000,0.47070438838388995,-11.78259385935221
MSCI,2013-12-31,FY,222557000,1576364000,3134537000,1035667000,0.14118376212600642,10.155531799497004
GLBZ,2013-12-31,FY,2614177,31583161,377193574,15281865,0.08277122736384747,-1.157984628253181
GIII,2014-01-31,FY,76402000,523113000,830897000,1718231000,0.1460525737269003,38.91667179145639
PTCT,2013-12-31,FY,-51573575,136542412,151902821,34696327,-0.3777110294492234,211.13730921314615
UPS,2013-12-31,FY,4372000000,6474000000,36212000000,55438000000,0.6753166512202656,6.7186880810533856
VOXX,2013-11-30,Q3,22429000,476254000,859630000,622604000,0.18837847031206037,-50.529412662281715
HYSR,2013-12-31,Q2,-1106089,-1710495,85548,0,2.586593939181348,185.71427050901966
CNK,2013-12-31,FY,150548000,1093422000,4144163000,2682894000,0.13768517553149653,7.560745588433902
FANG,2013-12-31,FY,54587000,845541000,1521614000,208002000,0.06455866717285147,13.21860386266946
SMG,2013-12-28,Q1,-65600000,621300000,2159400000,196400000,-0.4223402543054885,0.5941848870480216
NSP,2013-12-31,FY,32032000,253272000,766560000,2256112000,0.1264727249755204,-5.203434853408674
RYN,2013-12-31,FY,373798000,1661170000,3685501000,1707822000,0.22502091899083176,-9.895795007805894
BAX,2013-12-31,FY,2012000000,8463000000,25869000000,15259000000,0.23774075386978613,6.42703053988862
SWN,2013-12-31,FY,703503000,3622030000,8047726000,3371145000,0.19422892687249968,-30.73989701772743
WNS,2014-01-31,Q3,-32836,-80729,12820,0,1.6269741976241499,4.505338051178778
RCMT,2013-12-28,FY,1990000,61378000,86524000,170778000,0.0324220404705269,21.98275466358385
QUAD,2013-12-31,FY,30900000,1288900000,4165700000,4186600000,0.023973931259213283,-14.43261245406918
PLBC,2013-12-31,FY,3431000,30593000,515725000,19460000,0.11214983819828066,32.31510964380186
SR,2013-12-29,FY,-7413000,-111297000,480877000,619170000,0.0666055688832583,18.157832527500577
ASGN,2013-12-31,FY,84512000,640133000,1261194000,1631997000,0.1320225640609061,-3.923250297026415
CVLT,2013-12-31,Q3,48407000,469331000,735141000,429521000,0.4125617101789569,-29.802299213721906
ALV,2013-12-31,FY,489900000,3981300000,6983000000,8803400000,0.12305025996533796,16.655779066345687
OIS,2013-12-31,FY,421258000,2623417000,4131261000,739047000,0.1605760731138054,-15.923614323712187
DHIL,2013-12-31,FY,22154828,44942990,75353418,81431704,0.49295402909330244,15.590668851774153
CVGW,2014-01-31,Q1,3475000,126473000,234471000,168165000,0.10990488088366687,32.027655425845104
FMCC,2013-12-31,FY,1479000000,10604000000,115608000000,7805000000,0.13947566955865712,-28.275867058462374
SNX,2013-11-30,FY,152322000,1411222000,3325889000,10845164000,0.10793624249055074,9.65464431037477
WMT,2014-01-31,FY,16695000000,76255000000,204751000000,473076000000,0.21893646318274212,13.792183997947788
UDR,2013-12-31,Q4,46282000,2811648000,6807722000,758926000,0.06584323499954475,34.94646558501894
DUK,2013-12-31,FY,2665000000,41330000000,114779000000,24598000000,0.0644810065327849,22.735827164645777
GILD,2013-12-31,FY,3057286000,11369067000,22496785000,10803695000,0.26891265571748324,26.87083983381126
TAYO,2013-12-31,Q3,-16961,27305,30941,14475,-2.484673136788134,-85.25000065565109
ALK,2013-12-31,FY,508000000,2029000000,5838000000,5156000000,0.2503696402168556,62.92762224422318
SXI,2013-06-30,FY,44848000,290988000,510573000,701260000,0.1541231940836048,37.96654119802957
PAR,2013-12-31,FY,358000,72720000,117508000,90847000,0.004922992299229923,12.29357981178143
WST,2013-12-31,FY,112300000,906400000,1671600000,1368400000,0.12389673433362754,8.805543363021776
VHI,2013-12-31,FY,-126900000,601300000,2967200000,1863600000,-0.21104274072842175,-63.99317564134325
OPST,2014-01-25,Q1,112757,13134730,13430906,1330211,0.034338581759960046,-1.4925373134328357
PHM,2013-12-31,FY,2620116000,4648952000,8734143000,140951000,0.5635928269425023,4.614622425044339
EMMS,2013-11-30,Q3,14550000,2401000,263588000,158174000,24.239900041649314,-20.384615872456482
SOYL,2013-12-31,Q1,488827,-7366867,12821,7300,-0.2654192073781161,-41.81818297271394
SEAS,2013-12-31,FY,50478000,654132000,2582273000,1460250000,0.07716791106382198,-37.67813687907914
RGA,2013-12-31,FY,418837000,5935527000,39674473000,10318353000,0.0705644166052989,15.256422942626088
AOSL,2013-12-31,Q2,467000,284050000,350175000,160386000,0.006576306988206302,16.861221586288167
MODN,2013-12-31,Q1,-3123000,93941000,132641000,21559000,-0.13297708135957675,-9.160304726042694
IMO,2013-12-31,FY,2828000000,19524000000,37218000000,32929000000,0.14484736734275763,-1.8991638283553534
PRGS,2013-11-30,FY,74907000,513654000,682187000,211684000,0.14583162985200154,-1.52729900868124
JAKK,2013-12-31,FY,-53906000,148685000,449844000,632925000,-0.3625517032652924,1.3392880457600205
NVEC,2013-12-31,Q3,8573650,100840652,102242101,19654162,0.3400870514006593,22.306108909216487
KIM,2013-12-31,FY,241353000,4769526000,9663630000,946673000,0.05060314169584147,29.8734157900267
NNBR,2013-12-31,FY,17178000,152760000,262402000,373206000,0.1124509033778476,-0.19812240945644347
GCFB,2013-12-31,FY,-3449940,-1790824,66768616,134163349,1.9264539675590677,47.61904978157451
LRCX,2013-12-29,Q2,234498000,4666090000,7555798000,2131120000,0.20102312642919445,48.714182819160854
FF,2013-12-31,FY,74034000,328590000,414447000,435499000,0.22530813475760067,-16.075948931586
SGMO,2013-12-31,FY,-26624000,121710000,140838000,24133000,-0.21874948648426587,6.695459528541605
MWA,2013-12-31,Q1,1100000,321800000,1269700000,257400000,0.013673088875077687,9.818570838104673
CLF,2013-12-31,FY,413500000,6069500000,13121900000,5346600000,0.06812752286020266,-73.67416888062719
XPO,2013-12-31,FY,-48530000,455843000,780241000,702303000,-0.10646209330844172,55.686578925480404
FOLD,2013-12-31,FY,-378522000,45751000,127563000,122238000,-8.273524075976482,250.21276069043589
SBSI,2013-09-30,Q3,29003000,240957000,3469623000,86587000,0.48146349763650775,30.702311337375544
HTBI,2013-12-31,Q2,6203000,358106000,1629325000,30108000,0.06928674749934377,3.1894949104566006
MKC,2013-11-30,FY,389000000,1947700000,4449700000,4123400000,0.19972274991015043,7.865328516773153
SSNT,2013-12-31,FY,322548,-399839,3569775,3419154,-0.8066946946145823,228.57143313300853
MCY,2013-12-31,FY,112143000,1822486000,4315181000,124538000,0.0615329829694165,13.960978815575997
WIRE,2013-12-31,FY,46910000,456581000,525826000,1158252000,0.10274190121796571,-29.354242847706658
UEIC,2013-12-31,FY,22963000,291270000,423733000,529354000,0.07883750472070587,70.53266025431849
DSNY,2013-11-30,Q1,44393,3335669,3767690,922541,0.053234298726882075,-80.39999961853027
AXGN,2013-12-31,FY,-14556885,136633,27684270,10947361,-106.54003791177827,-19.599107369290326
FCX,2013-12-31,FY,3441000000,20934000000,63473000000,20921000000,0.1643737460590427,-37.519875794918086
BKD,2013-12-31,FY,-3584000,1020937000,4737757000,2891966000,-0.0035105006479342017,35.61442309230753
HUSA,2013-12-31,FY,-3173481,13174033,13412093,347139,-0.2408891035873373,-32.0
OTTR,2013-12-31,FY,50865000,534830000,1596019000,369952000,0.09510498663126601,8.609499208583916
BEN,2013-12-31,Q1,596000000,10507100000,15909300000,2109500000,0.22689419535361802,-2.9620632219502956
TTMI,2013-12-30,FY,23893000,705295000,1673575000,1368215000,0.03387660482493141,-12.10710062140929
IPGP,2013-12-31,FY,155780000,927969000,1061216000,648034000,0.16787198710301746,-2.2548640461762686
IOSP,2013-12-31,FY,77800000,409400000,794700000,818800000,0.19003419638495359,-5.863268774549582
SOFT,2013-11-30,Q2,-310,1300,6551,618,-0.9538461538461539,-23.68420705900954
REAC,2013-12-31,FY,-5417722,-1328224,197582,4161,4.0789219288312815,-99.9
BANC,2013-12-31,FY,79000,324869000,3628023000,120511000,0.00024317494128402525,-13.497386178506785
AAME,2013-12-31,FY,11022000,100927000,319381000,165369000,0.10920764512964816,-3.911982392701151
FTK,2013-12-31,FY,36178000,249752000,375581000,371065000,0.14485569685127647,-6.72645623425194
ABKI,2013-11-30,Q2,-3562444,6143867,14968474,137387,-2.3193496864434078,-54.16666749450892
BMRC,2013-12-31,FY,14270000,180887000,1805194000,60560000,0.07888903016800544,21.733119239050964
GOGO,2013-12-31,FY,-111289000,270190000,689000000,250381000,-0.41189163181464894,-32.83642110692618
RIBT,2013-12-31,FY,-17640000,5836000,44578000,35051000,-3.022618231665524,-15.83166590041454
CSSV,2013-09-30,FY,-11828000,-633000,80543000,33088000,18.68562401263823,-35.41666828354612
CATY,2013-12-31,FY,123143000,1458971000,10989286000,406996000,0.08440400803031725,-2.880660198093108
TRS,2013-12-31,FY,80070000,549410000,1300780000,1394860000,0.14573815547587413,-20.431186898122654
LNT,2013-12-31,FY,376200000,3281400000,11112400000,3276800000,0.11464618760285245,31.220932338653455
KLAC,2013-12-31,Q2,250443000,3550207000,5440734000,1045923000,0.2821728423159551,10.440588663543341
CAAS,2013-12-31,FY,33065000,226700000,565607000,415158000,0.14585355094838995,-11.853721028609328
CRWS,2013-12-29,Q3,3743000,34585000,49400000,57283000,0.43290443834032094,-1.2820561413384426
SHBI,2013-12-31,FY,-9634000,103299000,1054124000,41351000,-0.09326324552996641,2.2776576145875342
ABG,2013-12-31,FY,109100000,490600000,1888600000,611600000,0.2223807582551977,43.021954242232134
LGL,2013-12-31,FY,-8219000,16755000,21263000,26201000,-0.490540137272456,-37.153416057972116
PRGO,2013-12-28,Q2,25300000,8500500000,13712800000,1912400000,0.011905182048114816,8.392662825609612
RNG,2013-12-31,FY,-46098000,63515000,145185000,145995000,-0.7257813115012202,-19.27055391291464
HWKN,2013-12-29,Q3,13799000,180928000,230947000,263040000,0.3050716307039264,19.573433641468313
DCI,2014-01-31,Q2,119932000,1122170000,1773543000,1181006000,0.42750028961743763,-11.391170963255478
AFSI,2013-12-31,FY,289230000,1449643000,11257409000,2697895000,0.1995180882465545,68.18599526436063
ONTX,2013-12-31,FY,-14628000,80413000,105153000,1930000,-0.18191088505589892,-69.33797909407666
ADP,2013-12-31,Q2,705600000,6258500000,38321800000,4614500000,0.4509706798753695,18.565950382505292
BCPC,2013-12-31,FY,44874000,331358000,376872000,337173000,0.13542452573953248,12.589430117378948
KOP,2013-12-31,FY,40100000,169800000,784900000,1478300000,0.23616018845700826,-43.19125733088926
NWPX,2013-12-31,FY,-923000,261850000,433459000,475556000,-0.0035249188466679395,-19.835800309075353
BZIC,2013-12-31,Q2,-3776218,-3468793,1517407,178408,4.354503713539551,-94.28571431612482
TG,2013-12-31,FY,21947000,402664000,793008000,959346000,0.05450450002980152,-22.665737245209897
JNJ,2013-12-29,FY,13831000000,74053000000,132683000000,71312000000,0.18677163653059295,13.824478965272286
GAIA,2013-12-31,FY,-22093000,101432000,140002000,155463000,-0.21781094723558642,5.740183096828341
IFLM,2013-09-30,FY,-1544208,-2983493,2713,0,0.5175839192516959,-88.06451612903226
CNMD,2013-12-31,FY,35939000,606319000,1090508000,762704000,0.05927407849663296,5.811767578125
AEE,2013-12-31,FY,295000000,6544000000,21042000000,5838000000,0.04507946210268949,30.392703885072958
KNDI,2013-12-31,FY,-21140723,88526119,204306730,94536045,-0.23880774667191723,20.78032075650721
AN,2013-12-31,FY,374900000,2061700000,7914100000,17517600000,0.18184022893728477,22.35862531173386
CNO,2013-12-31,FY,478000000,4955200000,34780600000,4476100000,0.0964643203099774,-0.7914148828177435
MS,2013-12-31,FY,3613000000,65921000000,832702000000,5209000000,0.054808027790840555,24.36224247752905
ESCA,2013-12-28,FY,9805000,87955000,141974000,163677000,0.11147746006480587,22.62711892488255
BANF,2013-12-31,FY,54317000,556997000,6038974000,177286000,0.09751758088463672,14.62718616137285
INDB,2013-12-31,FY,50254000,591540000,6099234000,205914000,0.08495452547587652,10.812882560660466
XXII,2013-12-31,FY,-26153158,7522888,12286744,7278383,-3.4764784481704365,-23.831769703506502
CPHC,2013-12-31,FY,1016712,28265049,37112632,46736437,0.03597064346147074,-9.902916882285018
ENTA,2013-12-31,Q1,-5370000,105580000,110158000,893000,-0.20344762265580602,87.35336995563806
FMCB,2013-12-31,FY,24061000,209904000,2076073000,76531000,0.1146285921183017,11.031175059952037
LEG,2013-12-31,FY,199700000,1391300000,3108100000,3746000000,0.14353482354632358,38.2999359305947
KERX,2013-12-31,FY,-46732000,45400000,60766000,7000000,-1.0293392070484582,8.996138834067956
NBY,2013-12-31,FY,-16042000,8516000,15650000,3254000,-1.883748238609676,-47.15447154471545
CBAN,2013-12-31,FY,4629045,89954239,1148550886,45185721,0.05145999845543688,25.409839589632373
C,2013-12-31,FY,13900000000,206133000000,1880382000000,62970000000,0.06743219183730892,5.238916734332216
NASB,2013-12-31,Q1,1999000,191989000,1181290000,12434000,0.04164821942923813,-19.370861700933048
CACI,2013-12-31,Q2,67954000,1284138000,3519359000,1758451000,0.21167195426036767,19.134118960201693
WSFS,2013-12-31,FY,46882000,383050000,4515763000,146922000,0.12239133272418744,-0.1934705497658965
CWBC,2013-12-31,FY,8986000,67556000,539000000,27866000,0.13301557226597194,0.0
FOXF,2013-12-31,FY,24102000,92292000,157729000,272746000,0.26114939539721754,-7.0942107858286825
LH,2013-12-31,FY,575400000,2491300000,6965900000,5808300000,0.23096375386344478,19.929948403598434
NNN,2013-12-31,FY,160085000,2777045000,4454523000,392327000,0.05764580696387707,32.08045326099705
CTSH,2013-12-31,FY,1228578000,6135791000,8208914000,8843189000,0.20023139640838483,5.268369496898943
BFS,2013-12-31,FY,34842000,276678000,1198675000,197897000,0.1259297811896862,21.810182164783576
FLO,2013-12-28,FY,230894000,1076189000,2504014000,3751005000,0.21454781641514642,-8.901252218166023
CHCO,2013-12-31,FY,48215000,387623000,3368238000,138539000,0.12438632382495363,1.2518842940529589
STLY,2013-12-31,FY,-12637000,75641000,95224000,96944000,-0.1670654803611798,-28.906256467517622
MLHC,2013-09-30,Q1,105761,-3478886,3806989,2727194,-0.12160329484783347,-96.07142871397794
AZO,2014-02-15,Q2,410917000,-1710262000,7262892000,4084072000,-0.9610621062737756,14.114391143911439
UVV,2013-12-31,Q3,127946000,1359101000,2340429000,1852199000,0.3765606823922578,-21.135526416360108
FDP,2013-12-27,Q4,-33900000,1713100000,2589200000,3683700000,-0.07915474870118498,18.582511792471866
CSX,2013-12-27,FY,1864000000,10504000000,31782000000,12026000000,0.17745620715917745,29.657126283061046
EBTC,2013-12-31,FY,13529000,151334000,1849925000,71122000,0.08939828458905467,20.547946933362716
SSP,2013-12-31,FY,-724000,545773000,966130000,816871000,-0.001326558844061542,5.2946515495248505
LEE,2013-12-29,Q1,12102000,-158098000,820236000,177385000,-0.30618983162342345,7.471271108677111
CRYO,2013-12-31,Q1,-312622,-240856,459104,6139,5.191849071644468,213.8373645649759
SPUP,2013-11-30,FY,-63939,-4735,0,0,13.503484688489968,-93.51351374209231
PFLC,2013-12-31,FY,3731000,67137000,705039000,26290000,0.05557293295798144,6.2500013969838415
PACB,2013-12-31,FY,-79293000,69180000,136185000,20039000,-1.1461838681699914,44.741876559350956
PDM,2013-12-31,FY,98728000,2459550000,4666088000,554505000,0.0401406761399443,15.980625402511741
DLNO,2013-12-31,Q3,-239338,14208136,129549953,3505937,-0.06738054872222507,-25.531911871561576
UCBA,2013-12-31,Q2,1344000,74216000,512212000,7527000,0.07243721030505551,9.217875160299869
UFPT,2013-12-31,FY,11276000,85590000,105020000,139223000,0.13174436265918915,-0.9516248122619076
WRB,2013-12-31,FY,505301000,4336035000,20551796000,6408534000,0.11653526781956326,19.56671624827916
SOFO,2013-12-31,Q1,-690000,10677000,25800000,2812000,-0.25849957853329586,-20.781897142695673
CALX,2013-12-31,FY,-17265000,273923000,383599000,382618000,-0.06302866133913546,4.04563667799633
STLD,2013-12-31,FY,163516000,2547323000,5933006000,7087101000,0.06419130985744642,2.8147349605469736
BJRI,2013-12-31,FY,21022000,401436000,610879000,775125000,0.05236700246116442,61.94462363792063
GTN,2013-12-31,FY,18288000,174010000,1334424000,346298000,0.10509740819493132,-23.387099927058017
CRMT,2014-01-31,Q3,14816000,210353000,382831000,325314000,0.28173593911187383,37.76913530855162
UBOH,2013-12-31,FY,4641204,63007865,556234744,19853927,0.07366070886547259,1.8867889320200841
BRID,2014-01-24,Q1,234000,33643000,63390000,32466000,0.02782153791279018,-17.016809711128857
VYEY,2013-06-30,Q2,-838386,2637306,3186182,255678,-1.2715794071677688,52.380950104608395
VRSK,2013-12-31,FY,348380000,547589000,2504451000,1595703000,0.6362070823190386,-1.369448431469882
GT,2013-12-31,FY,675000000,1606000000,17527000000,19540000000,0.4202988792029888,19.496853434615012
SCOR,2013-12-31,FY,-2333000,198802000,363413000,286860000,-0.011735294413537087,63.928692762875436
FBP,2013-12-31,FY,-164487000,1215858000,12656925000,645788000,-0.1352847125239954,-5.169631158373026
CASH,2013-12-31,Q1,4002000,142639000,1806959000,11162000,0.11222737119581601,-12.620871663570357
PROV,2013-12-31,Q2,3116000,152450000,1134062000,19629000,0.08175795342735323,-0.6000010172526041
IBOC,2013-12-31,FY,126351000,1424408000,12079477000,363217000,0.08870421957753677,2.1244288807886873
MFBP,2013-12-31,FY,363000,36137000,301489000,11162000,0.010045106123917315,36.923071054311905
MCD,2013-12-31,FY,5585900000,16009700000,36626300000,18874200000,0.3489072249948469,-2.8650920480997044
CBRL,2014-01-31,Q2,64215000,497181000,1370140000,1347632000,0.5166327755887695,35.85495566575192
URG,2013-12-31,FY,-30353000,38664000,105336000,7616000,-0.785045520380716,-36.23188418316455
GLT,2013-12-31,FY,67158000,684476000,1678410000,1722615000,0.09811593101876472,-6.657019512370163
RSRV,2013-12-31,FY,6068042,33326831,40460942,18812673,0.18207677771702926,-11.53176700367647
CNSL,2013-12-31,FY,31141000,152339000,1747378000,601577000,0.2044190916311647,44.16709346387644
LPLA,2013-12-31,FY,181857000,1099971000,4042831000,4140858000,0.1653289041256542,-5.058450811281937
EZPW,2013-12-31,Q1,24395000,941294000,1369129000,105587000,0.10366580473263401,1.9674978970623975
LSCC,2013-12-28,FY,22321000,385680000,447876000,332525000,0.05787440365069488,25.321103903432864
MAR,2013-12-31,FY,626000000,-1415000000,6794000000,12784000000,-0.44240282685512367,58.66262507144344
MKSI,2013-12-31,FY,35776000,1021523000,1213018000,568317000,0.03502221682722758,22.760693344175642
IMPV,2013-12-31,FY,-26331000,86222000,176491000,72153000,-0.30538609635591846,2.472467484521468
SEE,2013-12-31,FY,124200000,1389100000,9134200000,7690800000,0.0894104096177381,26.020560378480717
BGC,2013-09-27,Q3,-26700000,1259600000,4868500000,4759900000,-0.08478882184820578,29.276900244996323
MBWM,2013-12-31,FY,17033000,153325000,1426966000,58242000,0.1110908201532692,0.7877668067421857
RNST,2013-12-31,FY,33487000,665652000,5746270000,180604000,0.05030706735651662,-7.8194505914236005
MLM,2013-12-31,FY,121337000,1537877000,3259826000,1943218000,0.07889902768556913,10.966578763992313
FNLC,2013-12-31,FY,12965000,146098000,1463963000,49936000,0.08874180344700133,3.960967457150625
MED,2013-12-31,FY,23969000,98416000,132650000,356886000,0.2435477971061616,28.511300840277247
IHRC,2013-12-31,FY,1795686,53647268,563608978,80120374,0.033472086593486924,3.6231882722573294
JBLU,2013-12-31,FY,168000000,2134000000,7350000000,5441000000,0.07872539831302718,86.06557862179321
LGIH,2013-12-31,FY,21737255,164373951,221009584,162795702,0.13224269945302952,-15.120856636436425
AMRC,2013-12-31,FY,2414187,276804794,604659563,574171249,0.008721622790969438,-29.089026782255416
AMP,2013-12-31,FY,1475000000,8192000000,144576000000,11230000000,0.1800537109375,16.64493123730672
GS,2013-12-31,FY,8040000000,78467000000,911507000000,10060000000,0.1024634559751233,10.408446789340127
CHHE,2013-12-31,Q2,-1006003,36606688,41596289,3945804,-0.10992559610965079,-81.66666749450893
TDNT,2013-11-30,FY,-55441,-60738,131,0,0.9127893575685733,14.666668574015299
CZFS,2013-12-31,FY,13375000,92056000,914934000,36234000,0.14529199617624056,0.5324027636279487
OPOF,2013-12-31,FY,3163000,80761000,864288000,29823000,0.03916494347519223,17.082687879795973
LXU,2013-12-31,FY,54962000,411715000,1083097000,679287000,0.13349525764181533,-22.54997686979438
SMME,2013-12-31,Q2,-1710001,54651,853933,0,-125.15789281074454,-56.1538445226539
DGT,2013-12-31,FY,-26350,-46711,62861,0,0.5641069555350988,0.6214775112053628
DLX,2013-12-31,FY,186652000,550457000,1569529000,1369711000,0.33908552348321486,20.425369089695092
PRSS,2013-12-31,FY,-13501000,83654000,141440000,245856000,-0.16139096755684126,-63.66508720319711
EEFT,2013-12-31,FY,87353000,636122000,1598115000,1413169000,0.13732114279965163,17.701152540859518
CEVA,2013-12-31,FY,6685000,190895000,212327000,48900000,0.03501925142093821,18.528256235366317
CDXS,2013-12-31,FY,-41303000,41483000,58840000,31922000,-0.9956608731287515,80.71428674824386
TTEC,2013-12-31,FY,71471000,473482000,842342000,1193157000,0.15094766010112318,0.375940478613834
CBOE,2013-12-31,FY,175999000,284517000,441589000,572050000,0.6185886959302959,25.224295862229702
ESRT,2013-12-31,FY,193431000,385158000,2476061000,127583000,0.5022120791986665,16.86273815600404
PSSR,2014-01-31,Q1,63640,10698061,17731100,2895602,0.02379496620929718,0.0
NKSH,2013-12-31,FY,17790000,145892000,1110630000,46127000,0.12193951690291449,-17.403090763117326
NYT,2013-12-29,FY,64856000,842910000,2572552000,1577230000,0.0769429713729817,-15.599752672955267
OMTK,2013-12-31,FY,-1614188,3973604,4478361,1052518,-0.40622769656966323,-55.471701695003084
GNE,2013-12-31,FY,-5341000,121132000,158843000,279174000,-0.044092395073143345,-37.708128210069134
DLYT,2013-12-31,FY,-2121478,-3749512,705171,1526989,0.5658010962493253,673.75
ATI,2013-12-31,FY,161600000,2894200000,6898500000,4043500000,0.05583580955013475,-1.9927108556987754
UVFT,2013-12-31,Q1,-316347,-34427,283032,18924,36.755685944171724,-3.5156191167059996
BGC,2012-09-28,Q3,25600000,1361600000,5179000000,4437300000,0.07520564042303172,15.714293712778366
SLRK,2013-12-31,FY,-656000,16975000,169677000,5816000,-0.03864506627393225,-23.076921822913434
NWL,2013-12-31,FY,474600000,2071500000,6069700000,5692500000,0.22910934105720493,18.451094015397913
AGM,2013-12-31,FY,97515000,332616000,13361780000,235398000,0.2931759145681507,-12.145984955947764
WFCF,2013-12-31,FY,-3033,3767611,5814474,4682738,-0.0008050194141592643,45.00000476837158
TWX,2013-12-31,FY,3691000000,29904000000,67994000000,29795000000,0.123428303905832,28.603414472064443
TXMD,2013-12-31,FY,-28419313,54698407,62016393,8775598,-0.5195638147195036,-17.65834932821497
AZZ,2013-11-30,Q3,49354707,374496520,989175461,570712180,0.5271579773291352,-7.287785741956656
SNGX,2013-12-31,FY,-10058996,-1769821,8265455,565316,5.683623372081131,-45.0
SGA,2013-12-31,FY,15273000,109701000,193224000,129478000,0.13922389039297728,-12.524849567828161
EBMT,2013-12-31,Q2,1141000,47757000,516387000,8458000,0.09556714198965596,-0.9132367994271334
DHC,2013-12-31,FY,1281606,10106337,56903105,86588147,0.12681211798102518,0.9896591328539135
OTEX,2013-12-31,Q2,84130000,1406286000,2680722000,687967000,0.23929698510829234,28.142668019869284
NIMU,2014-01-31,Q2,-224000,-1369000,620000,0,0.6544923301680059,-42.000001668930054
NEWT,2013-12-31,FY,7151000,75344000,198612000,143593000,0.09491133998725844,-6.751589037070172
ORCL,2014-02-28,Q3,7309000000,44707000000,86562000000,3089000000,0.6539468092245062,12.042953236942733
BMI,2013-12-31,FY,24617000,196563000,316058000,334122000,0.1252372013044164,10.165139294545584
STEV,2013-12-31,Q3,-2149272,798339,3641781,1893865,-10.768718551893368,-24.639176841445504
DGII,2013-12-31,Q1,688000,278928000,303742000,41989000,0.009866345436815235,-24.174920237968497
LIXT,2013-12-31,FY,-1374842,236266,558040,0,-5.819042943123429,92.30769936149669
CTBI,2013-12-31,FY,45172000,412492000,3581716000,148127000,0.1095100026182326,-9.973432019448063
AIR,2014-02-28,Q3,56000000,987000000,2213100000,914200000,0.22695035460992907,1.7301038290651292
RES,2013-12-31,FY,166895000,968702000,1383860000,1861489000,0.17228724623258754,-25.322130874887446
BUKS,2014-01-31,Q3,-737000,20088000,41115000,23934000,-0.1467542811628833,14.285711244660995
IGT,2013-12-31,Q1,79200000,1104900000,4347500000,243600000,0.2867227803421124,-4.900877737481187
MFON,2013-12-31,FY,-16759031,5991987,7101690,4093667,-2.7969071027690813,-34.92063341888019
OVTZ,2013-12-31,FY,-93608,-924077,37610,87178,0.10129891773088173,42.857144377669506
SNRY,2013-04-30,Q3,-583884,-2385307,17856,0,0.9791343420364758,-66.66666451082733
PXLW,2013-12-31,FY,-8870000,18942000,36744000,48118000,-0.4682715658325414,-9.958506265115712
NWLI,2013-12-31,FY,96247000,1447948000,10830416000,860267000,0.06647130974316758,19.3245342690692
SURE,2013-11-30,FY,-830255,3871421,4155731,0,-0.2144574304887017,18.422737258430367
MLHC,2013-12-31,Q2,374932,-3039715,3842038,6033574,-0.49337783311922334,-98.79999996088445
HIBB,2014-02-01,FY,70877000,304023000,416345000,851965000,0.233130388161422,-18.994315201072716
POST,2013-12-31,Q1,-2400000,1785700000,4289100000,297000000,-0.005376043008344066,-13.517348334646709
APAM,2013-12-31,FY,-234132000,43779000,581398000,685841000,-5.348043582539574,-22.82558753006583
ESE,2013-12-31,Q1,11189000,611171000,1083840000,124450000,0.07322991437748191,9.311157611473844
IPCC,2013-12-31,FY,32633000,656758000,2317265000,1344805000,0.04968801293627181,8.2369389018946
CHMG,2013-12-31,FY,8731056,138577994,1476143453,50663229,0.06300463549789875,-18.583549354392876
INVE,2013-12-31,FY,-35798000,26494000,58759000,75610000,-1.3511738506831736,141.72413787433567
GHC,2013-12-31,FY,237345000,3300067000,5811046000,3487864000,0.07192126705306286,32.51220653398394
ENSG,2013-12-31,FY,23854000,356096000,760315000,904556000,0.06698755391804458,86.44678418065168
SVT,2013-12-31,FY,975000,23734000,30003000,30310000,0.04108030673295694,-19.876549808994348
MTW,2013-12-31,Q4,167600000,775500000,3976600000,4048100000,0.8644745325596389,-4.202406204368094
TPX,2013-12-31,FY,78900000,118600000,2729900000,2464300000,0.6652613827993255,3.2802084651498835
WMB,2013-12-31,FY,668000000,4864000000,27142000000,2939000000,0.13733552631578946,17.68213572410115
PRMW,2013-12-31,FY,-10706000,31556000,70971000,91209000,-0.3392698694384586,-14.392062827019462
SECI,2013-12-31,Q3,-10971109,-4822574,18409,18500,9.099795254567374,39.9999985098839
BOKF,2013-12-31,Q4,318931000,3020049000,27015432000,745371000,0.42241831175586886,-8.428830184424967
JLL,2013-12-31,FY,273352000,2179669000,4597353000,4461591000,0.12540986727801332,49.702119047764526
LZB,2014-01-25,Q3,43823000,511938000,764201000,1017692000,0.3424086510475878,0.8106161593615822
DHX,2013-12-31,FY,16246000,167812000,420641000,213482000,0.09681071675446333,39.724139509529905
GBNK,2013-12-31,FY,14029000,189394000,1911032000,70638000,0.07407309629660919,3.0604935634451005
INTT,2013-12-31,FY,3077000,31149000,35481000,39426000,0.09878326752062666,11.842106666591375
UGI,2013-12-31,Q1,217500000,2609600000,10663500000,2315900000,0.3333844267320662,40.66570885191963
INOD,2013-12-31,FY,-12835000,39973000,49997000,64249000,-0.32109173692242265,19.18367426378534
MTX,2013-12-31,FY,83451000,847538000,1217547000,1018181000,0.0984628417840852,18.428499668825598
DEL,2013-12-31,FY,26192000,266272000,411344000,199702000,0.09836558105996876,1.3541332585890764
OSUR,2013-12-31,FY,-11190000,161146000,184245000,98317000,-0.06944013503282738,61.685216819903985
SRC,2013-12-31,FY,1677000,3118034000,7231045000,419467000,0.0005378389074654092,22.177015323239097
APA,2013-12-31,FY,2288000000,35393000000,61637000000,16054000000,0.06464555138021642,-26.727950393489962
PRFT,2013-12-31,FY,21432000,259490000,325749000,326589000,0.08259277814173957,-20.537999360688016
ROG,2013-12-31,FY,37761000,555527000,806534000,537482000,0.06797329382730272,32.53658883939914
JXSB,2013-12-31,FY,3213645,41138796,318418776,12077765,0.0781171378958198,17.647063414710292
DORM,2013-12-28,FY,81920000,413641000,529169000,664466000,0.1980461317906107,-12.264317085261602
SBUX,2013-12-29,Q1,540700000,4887400000,10255200000,3343800000,0.4425256782747473,4.1756825612541775
KFFB,2013-12-31,Q2,1021000,67005000,316393000,6626000,0.06095067532273711,2.3749947547912598
MAXD,2013-12-31,FY,-8804887,14104054,17387611,2498,-0.624280579186665,-67.78350610486731
HCKT,2013-12-27,FY,8729000,93176000,150318000,200391000,0.09368292264102344,45.088569622140724
NEOM,2013-12-31,FY,-214113000,-284435000,5305000,5024000,0.7527660098089194,-99.95237868471494
ECPG,2013-12-31,FY,75299000,571897000,2685274000,773364000,0.13166531735609735,-12.017503586430333
OII,2013-12-31,FY,371500000,2043440000,3128500000,3287019000,0.18180127627921544,-25.1014149490292
AUBN,2013-12-31,FY,7118000,64485000,751343000,27458000,0.11038225944017989,-5.120002746582031
ADBE,2014-02-28,Q1,47046000,6610883000,10245882000,471454000,0.028465788912010695,15.255721462500407
MDLZ,2013-12-31,FY,3935000000,32373000000,72557000000,35299000000,0.12155191054273623,4.872524809851385
MPWR,2013-12-31,FY,22898000,323399000,368908000,238091000,0.07080417688366383,43.71033350425731
NXST,2013-12-31,FY,-1785000,-13231000,1163722000,502330000,0.13491043760864635,-6.316168108158612
AEL,2013-12-31,Q4,253283000,1384687000,39621499000,2610692000,0.7316686009184747,11.675511833551361
MNOV,2013-12-31,FY,-4028528,25425756,29546243,3257,-0.15844280107148043,41.12148751795242
KTOS,2013-12-29,FY,-37200000,295800000,1216600000,443600000,-0.1257606490872211,-33.593749757468075
WU,2013-12-31,FY,798400000,1104700000,10121300000,5542000000,0.7227301529827103,4.405798428300498
CNP,2013-12-31,FY,311000000,4329000000,21870000000,8106000000,0.07184107184107184,2.760998193367298
FSFG,2013-12-31,Q1,1028000,82447000,686943000,6734000,0.04987446480769464,15.273517545645523
AMWD,2014-01-31,Q3,14827000,180534000,327864000,537660000,0.32851429647601005,17.14611322447195
SYNA,2013-12-31,Q2,52273000,624999000,822026000,428370000,0.33454773527637643,34.182580197546976
EMYB,2013-12-31,FY,5523000,54055000,670835000,24665000,0.1021737119600407,33.986926434249796
FITB,2013-12-31,FY,1826000000,14589000000,130443000000,3973000000,0.12516279388580437,-1.664290870384917
NSTG,2013-12-31,FY,-29281000,31469000,64372000,31403000,-0.930471257427945,-21.287703741401582
MAS,2013-12-31,FY,313000000,535000000,6933000000,8173000000,0.5850467289719626,11.023274972172088
LFVN,2013-12-31,Q2,6538000,-548000,63394000,102866000,-47.722627737226276,-20.606061256605845
TBEV,2013-07-31,FY,-2178910,-363183,209811,55143,5.99948235462563,-93.92857125827244
AMGN,2013-12-31,FY,5081000000,22096000000,66125000000,18192000000,0.22995112237509052,40.804700477385545
TFX,2013-12-31,FY,151748000,1913527000,4209007000,1696271000,0.07930277440558717,23.82271517680508
AFL,2013-12-31,FY,3158000000,14620000000,121307000000,23939000000,0.21600547195622435,-7.215573786406658
JVA,2013-10-31,FY,-1480235,21750065,32399022,133980759,-0.06805657822172026,6.92883661023439
TOMZ,2013-12-31,FY,-5658312,-2787360,5733103,1166457,2.0299896676425004,-42.85714235030063
PCYO,2013-11-30,Q1,-846502,49012581,108288875,321573,-0.0690844662924403,-21.893490665137026
AJG,2013-12-31,FY,268600000,2085500000,6860500000,3179600000,0.128794054183649,1.9390578339965363
ISDR,2013-12-31,FY,628577,4205735,9260539,8842229,0.1494571103505095,-6.878851047622031
VRTX,2013-12-31,FY,-687550000,1356405000,2319041000,837645000,-0.5068913783125246,60.3633871224451
JOUT,2013-12-27,Q1,-2193000,194023000,312886000,79100000,-0.04521113476237353,12.711554631285546
VBFC,2013-12-31,FY,-4006738,18244069,444173351,19613882,-0.2196186607274945,20.656028181414896
XYL,2013-12-31,FY,228000000,2241000000,4896000000,3837000000,0.10174029451137885,11.069369942080545
GLGI,2013-11-30,Q2,1572154,-3851195,12906421,10872407,-1.632899918077376,-10.526313725600916
SIG,2014-02-01,FY,368000000,2563100000,4029200000,4209200000,0.1435761382700636,59.397203552899825
CRVW,2013-12-31,FY,-14567022,-8452619,12437896,2068771,1.7233737850954833,2.857148695965302
RF,2013-12-31,FY,1122000000,15768000000,117396000000,3646000000,0.07115677321156773,8.190085316723522
SAM,2013-12-28,FY,70392000,302085000,444075000,793705000,0.23302050747306222,23.33291568238173
LUV,2013-12-31,FY,754000000,7336000000,19345000000,17699000000,0.10278080697928026,123.83226023038422
TWIN,2013-12-27,Q2,1930000,145265000,274529000,129638000,0.05314425360547964,-22.167300733190636
NROM,2013-12-31,FY,91097,11703400,16373661,7527439,0.007783806415229762,14.432987790265395
WESC,2013-12-31,Q2,-118161,-71712,67509,14235,6.590863453815261,-37.50000436557436
GLRE,2013-12-31,FY,232468000,1051595000,3095276000,765089000,0.22106229109115202,-1.2162558841508888
MITK,2013-12-31,Q1,-1468300,25128093,32402730,4462524,-0.233730430717524,-45.28619581325741
LCDX,2013-12-31,FY,-5479251,-12493271,2407755,3341253,0.43857617432616325,-7.272731016490004
STT,2013-12-31,FY,2136000000,20378000000,243291000000,9884000000,0.1048189223672588,7.930235377062998
WPC,2013-12-31,FY,132165000,1904415000,4678950000,489851000,0.0693992643410181,16.788917649012667
MTRN,2013-06-28,Q2,10940000,426022000,798743000,605310000,0.10271770002488134,34.55149707504674
CINF,2013-12-31,FY,517000000,6070000000,17662000000,4531000000,0.08517298187808896,0.13366373162478792
BHE,2013-12-31,FY,111159000,1227033000,1657371000,2506467000,0.09059169557786954,10.571926092388892
RMD,2013-12-31,Q2,167566000,1638952000,2345588000,742003000,0.4089588956845594,20.51826565784079
ADBE,2013-11-29,FY,289985000,6724634000,10380298000,2470098000,0.043122793002563414,29.764004736190635
A,2014-01-31,Q1,195000000,5444000000,10638000000,1366000000,0.14327700220426157,-9.19610983761337
MXL,2013-12-31,FY,-12733000,86674000,124929000,119646000,-0.14690680019382976,-31.639502341119506
IBCP,2013-12-31,FY,77509000,231581000,2209943000,87121000,0.3346949879307888,9.416667620340984
CJJD,2013-12-31,Q3,-10069502,29806974,67488256,50025012,-1.3512947674594542,228.12500869234427
AXTI,2013-12-31,FY,-6813000,139668000,163822000,85335000,-0.048779963914425635,7.27969597153885
ELON,2013-12-31,FY,-18418000,67188000,106128000,83118000,-0.2741263320831101,-22.32557784679324
FTEK,2013-12-31,FY,5101000,88623000,110058000,109338000,0.057558421628696836,-48.519040665532835
NTIC,2013-11-30,Q1,1304418,42257895,51778006,6309100,0.1234721227832101,31.344960896670653
FDBC,2013-12-31,FY,7122000,66060000,623825000,23853000,0.10781108083560399,24.528292923816256
COLB,2013-12-31,FY,60016000,1053249000,7161582000,296935000,0.0569817773385021,1.600583985889644
FEIM,2014-01-31,Q3,3285000,87422000,116375000,52052000,0.15030541511290063,-5.624485497051261
OFLX,2013-12-31,FY,10092000,25509000,40074000,77122000,0.39562507350346937,68.13295730783042
BKFG,2013-12-31,FY,-2343000,6852000,6885000,43000,-0.3419439579684764,17.924524058053212
HRB,2014-01-31,Q3,-434841000,686759000,3515287000,358845000,-2.5327138049883584,12.763155294257157
PRLB,2013-12-31,FY,35277000,211643000,230175000,163112000,0.16668162896953834,-6.223658733046758
IVDA,2013-12-31,FY,-6801714,521809,3679246,608157,-13.034872913269032,-34.28571564810617
BRRE,2013-10-31,FY,-619466,28494879,46042000,8527000,-0.021739555377652243,-3.125
GEF,2014-01-31,Q1,30600000,1258600000,3932300000,1034400000,0.09725091371365009,-24.550661747869686
IVFH,2013-12-31,FY,-1486257,940205,5537615,23502740,-1.5807797235709233,9.600000381469727
AOBI,2013-09-30,Q3,-55132361,283676250,427624938,59167308,-0.7773983334875585,-99.01530270185815
WTW,2013-12-28,FY,204725000,-1474622000,1408931000,851626000,-0.13883218885924664,1.320801808032639
BFIN,2013-12-31,FY,3298000,175627000,1453594000,49392000,0.01877843383989933,29.91266175503563
PBHC,2013-12-31,FY,2406000,42712000,503793000,18883000,0.05633077355309983,19.68200854345346
SLCA,2013-12-31,FY,75256000,309294000,863461000,545985000,0.24331542157300173,-26.854294000312244
NORX,2013-11-30,Q3,-424995,-209629,756775,0,8.109469586746108,-84.61538439495322
PRO,2013-12-31,Q4,3446000,111303000,179828000,144837000,0.12384212465072819,-31.027570412711984
ACAD,2013-12-31,FY,-37948000,182131000,189118000,1145000,-0.20835552432040674,26.810727588252654
INBP,2013-12-31,Q2,695000,-9594000,11766000,17979000,-0.2897644361058995,-52.6315764707211
CMG,2013-12-31,FY,327438000,1538288000,2009280000,3214591000,0.21285871046254018,28.553987665120722
HLF,2013-12-31,FY,527525000,551446000,2473701000,4200743000,0.9566213192225531,-51.664545882327396
FE,2013-12-31,FY,392000000,12692000000,50424000000,14917000000,0.030885597226599434,21.83141559392281
RM,2013-12-31,FY,28794000,161173000,533888000,170629000,0.17865275201181338,-54.34718646685284
ALB,2013-12-31,FY,439834000,1627361000,3584797000,2616416000,0.2702743890261595,-4.085818232411651
HVT,2013-12-31,FY,32265000,298264000,417855000,746090000,0.10817597832792425,-28.881786672617434
ITRI,2013-12-31,FY,-144590000,855236000,1882511000,1948728000,-0.16906444536946527,3.258504620267745
NWE,2013-12-31,FY,93983000,1030670000,3715260000,1154519000,0.09118631569755596,32.1791290972112
FOR,2013-12-31,FY,35061000,709845000,1172152000,72313000,0.049392473004670034,-26.657263536749774
KAR,2013-12-31,FY,67700000,1481800000,5127200000,2173300000,0.045687677149412874,18.071068621404624
HDNG,2013-12-31,FY,9927000,203594000,343968000,329459000,0.04875880428696327,-17.069801115739615
TISI,2013-11-30,Q2,19074000,295460000,487966000,374804000,0.2582278481012658,2.836164188436813
SSNF,2013-12-31,FY,385000,23714000,146502000,5742000,0.016235135363076664,-1.36986301369863
HOMB,2013-12-31,FY,66520000,840955000,6811861000,217126000,0.0791005464026018,-14.08299474276479
EVR,2013-12-31,FY,72022000,502581000,1180783000,779433000,0.1433042633923686,-11.843422818552115
POWL,2013-12-31,Q1,8255000,359556000,519602000,171872000,0.09183548598827443,-25.779962970272923
MSFT,2013-12-31,Q2,6558000000,85100000000,153543000000,24519000000,0.3082491186839013,25.688320367679307
CVLY,2013-12-31,FY,10566000,107649000,1150641000,46972000,0.0981523284006354,8.54838667737086
STRA,2013-12-31,FY,16425000,38902000,254266000,503600000,0.42221479615443935,116.07194870709765
GTLS,2013-12-31,FY,87362000,754785000,1461630000,1177438000,0.11574421855230298,-63.6135513810688
MAC,2013-12-31,FY,448959000,3358749000,9075250000,1029475000,0.13366851765344775,44.11615490948758
KINS,2013-12-31,FY,2012318,35709411,116783822,36566185,0.056352595678489346,10.041265763255925
MNKD,2013-12-31,FY,-2296402000,-30713000,258646000,3166000,74.76970663888255,2.8846153846153846
CLB,2013-12-31,FY,243194000,163323000,661010000,765428000,1.4890370615283823,-36.925894545024775
MRVL,2014-02-01,FY,315320000,4675910000,5451010000,3404400000,0.06743500195683835,7.197231664918044
IZEA,2013-12-31,Q4,-3321992,-1451026,2948702,6626943,9.157636045115662,-10.299001453878084
CMRX,2013-12-31,FY,-36445000,98539000,113387000,4370000,-0.3698535605191853,150.62872132594435
CACC,2013-12-31,FY,253100000,750100000,2433400000,590400000,0.3374216771097187,4.700361837182072
NROM,2013-12-31,FY,91097,11703400,16373661,7527439,0.007783806415229762,14.432987790265395
PHX,2013-12-31,Q1,4926318,99389684,150225724,18473082,0.19826274928090123,38.88057987965834
UTGN,2013-12-31,FY,3870012,72683601,417114089,34365748,0.05324463767280875,9.411763209922642
EGN,2013-12-31,FY,204554000,2858019000,6622212000,1738650000,0.0715719524607779,-10.021201629099492
STZ,2013-11-30,Q3,1785900000,4789800000,14336300000,3973000000,1.4914192659401229,36.31221699930913
FALC,2013-12-31,FY,-10932590,6218328,53218404,27338557,-1.7581237271498062,-3.7037037037037033
DK,2013-12-31,FY,117700000,1120400000,2834400000,8706800000,0.10505176722599072,-19.58732868644596
ATRC,2013-12-31,FY,-11462000,72604000,111947000,81889000,-0.15787008980221476,2.8372525194768063
WAL,2013-12-31,FY,114523000,855251000,9307095000,362655000,0.13390571890591182,17.602677066859204
NWFL,2013-12-31,FY,8465000,91864000,711234000,28259000,0.09214708699817122,7.434948152199196
PLAB,2013-11-03,FY,19576000,585314000,885929000,422180000,0.03344529602913991,6.769592513769947
WCC,2013-12-31,FY,276518000,1764809000,4617108000,7513342000,0.15668437774286056,-15.69122758692563
CPLA,2013-12-31,FY,35203000,182019000,250249000,415623000,0.19340288651184767,14.704991396835984
CMTV,2013-12-31,FY,5086655,46135977,573667404,22639782,0.11025354464694657,9.433962264150944
ESOA,2013-12-31,Q1,467921,15661110,41496107,25050410,0.11951157995825328,0.0
RGLS,2013-12-31,FY,-18668000,93457000,123065000,19569000,-0.19974961747113645,117.05007615285245
AIRT,2013-12-31,Q3,1049518,27182094,36520316,75304746,0.15444255324847306,115.37175999459346
DYSL,2013-12-31,Q1,1445483,12263162,24155303,10711528,0.4714878593302445,25.862075875687317
ATR,2013-12-31,FY,171926000,1479757000,2497762000,2520013000,0.1161852925852015,0.42766690159037046
BUKS,2014-01-31,Q3,-737000,20088000,41115000,23934000,-0.1467542811628833,14.285711244660995
BDL,2013-12-28,Q1,809000,21228000,51732000,21475000,0.15244017335594498,113.2352881365583
SLGD,2013-12-31,FY,643900,6910500,8358100,19292200,0.093177049417553,48.43750145519156
JACK,2014-01-19,Q1,32286000,455363000,1312828000,338828000,0.28360670498042223,62.264528899102004
LLY,2013-12-31,FY,4684800000,17631400000,35248700000,23113100000,0.2657077713624556,36.549018411075366
IRM,2013-12-31,FY,100792000,1047338000,6653005000,3025923000,0.09623636304612265,41.14128502002213
MORN,2013-12-31,FY,123407000,690257000,1030668000,698266000,0.1787841340254427,-15.879106771666837
ORN,2013-12-31,FY,331000,227812000,306208000,354544000,0.001452952434463505,-7.231919408731424
ZEUS,2013-12-31,FY,7647000,298616000,697349000,1263331000,0.025608138880702975,-38.681847003257765
BBOX,2013-12-28,Q3,19148000,487543000,861983000,135927000,0.15709793802803035,-16.300618049042818
CVAT,2013-12-31,Q2,-1030935,-2313158,538902,495266,1.7827316594888891,-45.45454637817115
EACO,2013-11-30,Q1,1064000,18826000,46778000,31035000,0.22607032826941464,54.31755137339399
STE,2013-12-31,Q3,90566000,1007771000,1777806000,710853000,0.3594705543223609,37.02392795692035
NDSN,2014-01-31,Q1,34880000,911675000,2018322000,359420000,0.15303699234924725,5.10675264153479
AVD,2013-12-31,FY,33932000,257795000,447443000,381021000,0.13162396477821525,-52.6965856811755
LCUT,2013-12-31,FY,9281000,180905000,336739000,502721000,0.05130317017218982,9.28163403883813
CAT,2013-12-31,FY,3803000000,20878000000,84896000000,52694000000,0.1821534629753808,1.9601352572973678
IRBT,2013-12-28,FY,27641000,330689000,416337000,477444000,0.08358608843959128,-1.6388754630130655
LOCM,2013-12-31,FY,-10362000,20285000,51579000,94396000,-0.5108208035494207,-33.54430862046864
IFLM,2013-12-31,Q1,-348282,-3197275,623,0,0.43572354583199757,-75.0
EIG,2013-12-31,FY,63824000,568703000,3643449000,723581000,0.11222729614579138,-26.413898274135722
EVC,2013-12-31,FY,133825000,136024000,538237000,223916000,0.983833735223196,7.2249597076526335
HAS,2013-12-29,FY,283928000,1682343000,4402267000,4082157000,0.16876938888205317,1.0369286559330513
GPRC,2013-12-31,FY,9699497,57940115,61485382,72263043,0.16740555313015862,-95.13888906135602
MPX,2013-12-31,FY,7528000,81483000,102553000,168293000,0.09238736914448413,-15.820896740417162
COP,2013-12-31,FY,9215000000,52090000000,118057000000,54413000000,0.17690535611441735,-1.0191099860619117
MTB,2013-12-31,FY,1138480000,11305532000,85162391000,2957334000,0.10070114347560115,9.371245347622404
CPRT,2014-01-31,Q2,86767000,880724000,1438493000,462095000,0.39407124138776733,6.767793983193966
CVX,2013-12-31,FY,21597000000,149113000000,253753000000,220156000000,0.14483646630407812,-9.446803863426084
UEC,2014-01-31,Q2,-13058828,51646209,67320964,0,-1.0114065100112188,-26.58959728759592
NSIT,2013-12-31,FY,71021000,716918000,1867718000,5144347000,0.09906432813794604,15.808015399888129
COLM,2013-12-31,FY,93603000,1245418000,1605588000,1684996000,0.07515789879381862,14.158732096354168
FFIN,2013-12-31,FY,78868000,587647000,5222208000,176369000,0.13420982324422656,-8.243837108793018
CBAT,2013-08-31,FY,-439243,-1051881,85369,0,0.41757860442388445,125.62499008141472
MEEC,2013-12-31,FY,-4853640,-4906348,1923807,1668472,0.9892571827355092,3.3333300219643105
CHEF,2013-12-27,FY,16990000,132065000,354758000,673545000,0.12864877143830689,-24.39944698670328
BLUE,2013-12-31,FY,-25321000,151667000,224390000,19792000,-0.1669512814257551,342.32600779133384
EBS,2013-12-31,FY,30259000,489618000,626630000,257922000,0.061801240967448094,18.007827015507104
TER,2013-12-31,FY,164947000,1985094000,2629824000,1154922000,0.08309279056810408,13.223608471788397
JKHY,2013-12-31,Q2,103770000,1145447000,1582144000,543820000,0.3623738156370395,6.367168579727818
VMRI,2013-11-30,FY,-62227,-19144,5000,0,3.250470121186795,3547.0586533777537
XOM,2013-12-31,FY,33448000000,174003000000,346808000000,438255000000,0.19222657080625047,-8.083004497875002
EQT,2013-12-31,FY,437815000,4034788000,9792053000,1862011000,0.10851003819779378,-16.039206338278927
DY,2014-01-25,Q2,15593000,451636000,1119894000,903238000,0.13810236562187247,18.51986131913704
SBSI,2013-03-31,Q1,9042000,255898000,3312283000,26561000,0.14133756418573026,50.93749116802252
HNI,2013-12-28,FY,63369000,436328000,1134705000,2059964000,0.14523248565299499,31.621958546373367
RWWI,2013-12-31,Q2,909000,34331000,55410000,22962000,0.10591011039585214,75.00006195010938
FLS,2013-12-31,FY,488320000,1870379000,5036733000,4954619000,0.2610807756075106,-23.48091044815699
DOOR,2013-12-29,FY,-8960000,796724000,1591145000,1731143000,-0.011246052585336955,2.6835445613297733
TILE,2013-12-29,FY,48255000,340787000,818140000,959989000,0.14159871121844436,-24.716548953120743
BGC,2013-03-29,Q1,-43900000,1284700000,4891800000,1543700000,-0.13668560753483303,65.19482195287064
FFKT,2013-12-31,FY,13446000,170055000,1809555000,66733000,0.07906853664990739,7.080463979436064
SCND,2013-12-31,Q2,137200,5441000,6303200,3183900,0.1008638117993016,-18.055552060221356
GDSI,2013-12-31,FY,-9297253,1211250,2097352,0,-7.675750670794634,-82.18262849845412
ARTW,2013-11-30,FY,1551376,18294145,32767621,34226553,0.08480177674332416,-13.983741791519819
FSBW,2013-12-31,FY,3920000,62313000,419187000,21733000,0.06290822139842409,4.081637192476171
DHR,2013-12-31,FY,2695000000,22385300000,34672200000,19118000000,0.12039150692642046,11.709843348244355
PCG,2013-12-31,FY,828000000,14841000000,55049000000,15598000000,0.05579138872043663,34.75670413176806
SHLM,2013-11-30,Q1,15286000,528550000,1352364000,585397000,0.11568252767004068,12.13364454645294
UWHR,2013-12-31,FY,954000,29967000,517320000,19465000,0.03183501852037241,16.315761596115554
ANIK,2013-12-31,FY,20574521,135634031,156041881,71773730,0.15169143649501945,5.2410901677077275
FELE,2013-12-28,FY,82698000,595707000,1051873000,965462000,0.1388232805724962,-16.622632191611697
BIOL,2013-12-31,FY,-11482000,8481000,31038000,56430000,-1.353849781865346,-5.8922232906759495
ANIP,2013-12-31,FY,301000,40962000,44500000,30082000,0.007348274010058103,170.71713554229257
PGTI,2013-12-28,FY,26819000,49075000,156632000,239303000,0.5464900662251656,-11.627905472390388
XOMA,2013-12-31,FY,-124058000,-3987000,134782000,24423000,31.11562578379734,-46.65676092426086
CBKM,2013-12-31,Q2,1376000,37886000,364179000,6699000,0.1452779390803991,-2.7624308810064226
SRCE,2013-12-31,FY,54958000,585378000,4722826000,179585000,0.09388463522715237,9.455223856977758
BLUU,2013-12-31,FY,-740698,-248081,7357,10000,2.985710312357657,227.27272342428688
SIEB,2013-12-31,FY,-5912000,25109000,27970000,62000,-0.2354534230753913,37.888199309637535
REOP,2013-12-31,FY,-69558,-400601,93880,33549,0.17363411474259924,23.91304347826087
AAPT,2013-03-31,Q1,-679385,-4593168,1254913,115019,0.5916482915495361,-75.0
MTRN,2013-12-31,FY,19707000,463321000,777945000,1166882000,0.04253422573118853,15.008100821767393
BKU,2013-12-31,FY,208936000,1928698000,15046649000,738821000,0.1083300755224509,-11.087478475696948
OPST,2013-10-26,FY,943121,13059569,13569409,6219616,0.07221685493602431,8.542067757060865
CRIS,2013-12-31,FY,-12322012,45173585,80590808,15002032,-0.2727702926389393,-50.0
EBAY,2013-12-31,FY,2856000000,23647000000,41488000000,16047000000,0.1207764198418404,4.282860118553538
AIVN,2013-11-30,Q2,-5888796,813624,1912312,129961,-28.950945399840712,-92.8571430472087
CRAI,2013-12-28,FY,11235000,223798000,320304000,278432000,0.05020152101448628,59.432546222111085
SLNM,2013-12-31,Q3,-1468000,-2296000,2412000,4637000,2.557491289198606,-55.55555371590598
FAF,2013-12-31,FY,187064000,2453049000,6520600000,4956077000,0.07625775106816048,21.347518776223506
TCCO,2013-12-28,Q1,184150,11640054,12289525,2508720,0.06328149336764245,-41.353385749966556
SIF,2013-12-31,Q1,947000,73361000,101283000,26652000,0.05163506495276782,5.094407982624441
OGEN,2013-12-31,FY,-16068754,15838635,16831482,1032233,-1.0145289666691606,-70.46263345195729
ZUMZ,2014-02-01,FY,45948000,335654000,443403000,724337000,0.13689096510096707,77.48691341881026
EXP,2013-12-31,Q3,101625000,805428000,1487264000,708502000,0.5047006063856732,-1.4722967650204628
XCLL,2013-12-31,FY,-504848,1024654,6650204,2781745,-0.49270095075996384,-73.22313965620805
ARAO,2013-12-31,Q3,-1265121,37072,1775513,104820,-136.50420802762193,-22.857138478026023
CRBO,2013-12-31,FY,4268000,22446000,46761000,18681000,0.19014523745878997,-24.705881230971393
MG,2013-11-30,Q2,14919000,229605000,415866000,271481000,0.2599072319853662,-14.249875108382955
ROK,2013-12-31,Q1,198100000,2687800000,5940800000,1422300000,0.2948136022025448,-4.9170658496275825
FFNM,2013-12-31,FY,55000,23525000,209657000,8319000,0.0023379383634431457,-3.3333389258678063
FXNC,2013-12-31,FY,9874000,53560000,522890000,21157000,0.18435399551904405,53.097335796907544
CMC,2013-11-30,Q1,45919000,1323072000,3537709000,1682891000,0.13882540028055917,-16.07601063765694
PTN,2013-12-31,Q2,-8095643,15263049,18755741,0,-2.121631922953271,6.8493150684931505
PACV,2013-12-31,FY,-17501,-6329,7,0,2.7652077737399274,-29.99999473958306
MTEX,2013-12-31,FY,3174000,23452000,56061000,177423000,0.13534026948661096,57.07547657852226
GRYN,2014-01-31,Q2,-2059467,-239159,92914,0,34.44515155189644,-96.56862745098039
FNB,2013-12-31,FY,117804000,1774383000,13563405000,440386000,0.06639152877366386,6.339145784385419
CBZ,2013-12-31,FY,85863000,374446000,897458000,692033000,0.22930676252383522,-4.495612418387385
NTAP,2014-01-24,Q3,440500000,3915900000,9000600000,2901100000,0.44996041778390666,-10.191081973472407
AAPT,2013-09-30,Q3,-5967675,-5369123,477323,198454,4.445921615131558,-38.23529713880589
TBBK,2013-12-31,FY,25110000,359604000,4706065000,106550000,0.06982680949043948,-38.805136060731854
D,2013-12-31,FY,1720000000,11642000000,50096000000,13120000000,0.1477409379831644,21.038800582329525
ZPCM,2013-12-31,FY,-168944,820541,825291,0,-0.20589342884755302,263.6363557547579
LIQT,2013-12-31,FY,-4846589,15134547,20235348,12826168,-0.32023350285938523,-48.88888994852702
VEEV,2014-01-31,FY,23615000,280096000,370308000,210151000,0.08431037929852622,-9.531301036124066
SASR,2013-12-31,FY,44422000,499363000,4106100000,149347000,0.08895733164051,-7.946079207809588
HON,2013-12-31,FY,3962000000,17467000000,45435000000,31214000000,0.2268277322951852,10.233113789237667
BMY,2013-12-31,FY,2580000000,15154000000,38592000000,12304000000,0.17025207865909991,11.74035312253238
PNFP,2013-12-31,FY,57726201,723707661,5563775857,191282415,0.07976452939607613,22.59453601177549
UHAL,2013-12-31,Q3,-23864000,-104285000,-1068841000,-11701000,0.915337776286139,21.342079250558914
AGYS,2013-12-31,Q3,19106000,134091000,187759000,26294000,0.5699413085143671,-10.34483136612886
BBSI,2013-12-31,FY,17892000,72553000,313322000,532844000,0.24660592945846485,-69.89432745371954
MDLH,2013-12-31,Q1,-95803,277823,590288,25101,-1.3793386436688106,-9.090910630285256
PNC,2013-12-31,FY,4227000000,42408000000,320296000000,10007000000,0.09967458970005659,19.128636230516673
SRDX,2013-12-31,Q1,3630000,88948000,95056000,5400000,0.16324144443944777,-8.159080856569256
JVA,2014-01-31,Q1,1371740,23121805,29582128,27346347,0.23730673275723932,-0.7858538438882031
INN,2013-12-31,FY,5897000,809840000,1294476000,298958000,0.0072816852711646745,40.44444825914171
CUBI,2013-12-31,FY,32694000,386623000,4153173000,127516000,0.08456299806271225,7.795692612110823
BEBE,2014-01-04,Q2,-14619000,244342000,322807000,244101000,-0.23932029696081722,-60.56838176948699
HST,2013-12-31,FY,325000000,7228000000,12814000000,5166000000,0.044964028776978415,24.074074982542953
OFIX,2013-03-31,Q1,4500000,373392000,475758000,103373000,0.04820671037408407,-15.272724711811625
DWCH,2013-12-31,Q1,-5614000,48543000,64790000,8809000,-0.4626001689223987,-73.83122594012215
SMIT,2013-11-30,Q2,-309760,9783214,11353720,6042499,-0.1266495857087456,16.27456031959418
RH,2014-02-01,FY,18195000,545272000,1025103000,1550961000,0.0333686673806834,59.58067678086556
PWR,2013-12-31,FY,421309000,4241319000,5793245000,6522842000,0.09933442874728357,-9.569070347019608
FICO,2013-12-31,Q1,16977000,539423000,1166276000,184343000,0.12589007142817418,16.54996449065627
FRAF,2013-12-31,FY,6232000,95388000,984587000,36042000,0.06533316559734977,28.654967890176874
GLDD,2013-12-31,FY,-34993000,242946000,852645000,731418000,-0.14403612325372717,-5.326084579096349
AET,2013-12-31,FY,1911900000,14025500000,49871800000,47294600000,0.13631599586467505,31.418580262925477
FMBM,2013-12-31,FY,4715793,54141235,552788167,25965584,0.0871016887590392,5.405405405405405
WCRS,2013-12-31,FY,1619544,17326022,24439085,12125009,0.09347465909947476,37.50000983476803
AEMD,2013-12-31,Q3,-5920779,-10807843,2105008,916796,2.1912897883509226,52.94117647058824
STBA,2013-12-31,FY,50539000,571306000,4533190000,153756000,0.0884622251472941,20.308184138500494
DWSN,2013-12-31,Q1,-2897000,210580000,286672000,68181000,-0.05502896761325862,-71.09589260321074
BRFH,2013-12-31,Q3,-1602807,793492,1793162,39799,-8.079763879156943,-24.19355067719747
AVT,2013-12-28,Q2,245488000,4628416000,11485298000,13767329000,0.21215724774955405,0.09128460932433197
STKL,2013-12-28,FY,-9014000,325304000,705935000,1181929000,-0.02770946560755478,20.14169785493745
ESSA,2013-12-31,Q1,2004000,166549000,1355196000,12182000,0.04812997976571459,3.5467113540615594
FHRT,2013-04-30,FY,125680,-18862151,210266323,7540019,-0.006663078882148701,-22.22222222222222
ONCI,2013-04-30,Q1,-534935,-1788108,136585,0,1.1966503141868388,-96.8888889857771
CUZ,2013-12-31,FY,126829000,1457401000,2273206000,210741000,0.08702409288864218,12.233003772908608
WSCO,2012-09-30,FY,-217843,-523674,4125,73921,0.4159897187945172,-59.20000076293945
UCBI,2013-12-31,FY,273140000,795715000,7425419000,245840000,0.34326360568796616,8.676061495928696
CHMP,2014-01-31,Q1,-630183,3706837,24971668,6064090,-0.6800223478939053,-48.888888888888886
NEPH,2013-12-31,FY,-3698000,-610000,2889000,1029000,6.062295081967213,90.47618687197912
AWR,2013-12-31,FY,62686000,492404000,1310183000,113537000,0.12730603325724404,32.19631098984691
SNFCA,2013-12-31,FY,7585921,87751189,618757454,12000375,0.08644807080619728,23.080912845020375
PETS,2013-12-31,Q3,13446000,68773000,75109000,184759000,0.7820510956334608,-12.627778314924493
QLYS,2013-12-31,FY,1624000,103117000,192603000,107962000,0.015749100536284026,61.877969967059244
EPM,2013-12-31,Q2,1063568,54831193,66568753,9025988,0.07758853614583947,-41.81523711867325
PCYN,2013-12-31,Q2,119219,2469551,2749270,1524013,0.19310230888125007,-51.87499918509273
STX,2013-12-27,Q2,855000000,2495000000,8890000000,7017000000,1.370741482965932,23.535756961428447
SIGI,2013-12-31,FY,106418000,1153928000,6270170000,1903741000,0.09222239169168267,0.9977844164538637
NSAV,2013-08-31,Q2,-402104,-404508,63160,17192,3.9762279114380927,-75.02750295984997
PHX,2013-09-30,FY,13960049,95655486,147838430,60605878,0.14594091341504448,113.54313268516304
OI,2013-12-31,FY,197000000,1456000000,8419000000,6967000000,0.1353021978021978,-23.9798723003926
APOG,2013-11-30,Q3,19948000,347183000,545413000,557028000,0.2298269212490243,30.835984788880726
IART,2013-12-31,FY,-16977000,670180000,1196229000,836214000,-0.025332000358112745,13.980302057505902
KTCC,2013-12-28,Q2,4819000,99810000,138778000,156224000,0.19312694118825768,-27.23174405961522
PKOH,2013-12-31,FY,44400000,145600000,807400000,1203200000,0.30494505494505497,22.767175491939415
RVSB,2013-12-31,Q3,2782000,81264000,804949000,20268000,0.1369364048040953,54.13791873083711
PZZA,2013-12-29,FY,72979000,137674000,464291000,1439022000,0.5300855644493514,20.91304115627123
X,2013-12-31,FY,-1672000000,3348000000,13143000000,16269000000,-0.4994026284348865,-8.067793765310514
IDCC,2013-12-31,FY,35683000,528650000,1113183000,325361000,0.0674983448406318,82.06171259211656
QBAK,2013-12-31,Q1,-2778000,11967000,16686000,5631000,-0.9285535221860115,19.469028478078606
BOTH,2013-12-31,FY,-22527,-95313,359,0,0.236347612602688,-26.229511880964253
PDCO,2014-01-25,Q3,144941000,1456350000,2976148000,2961638000,0.3980938647989838,28.456714145051166
PRTS,2013-12-28,FY,-15634000,20866000,69182000,254753000,-0.7492571647656474,-4.526754341253899
VPG,2013-12-31,FY,4347000,203418000,292104000,240275000,0.021369790284045658,17.394218530525617
OFG,2013-12-31,FY,98446000,884913000,8158015000,493632000,0.11124935445631379,-4.440602370172147
MDU,2013-12-31,FY,278570000,2823164000,7061332000,4462404000,0.09867297826126999,-21.66940352598203
FSS,2013-12-31,FY,160000000,351000000,644800000,851300000,0.45584045584045585,5.733789586761516
NPO,2013-12-31,FY,27400000,597500000,1392700000,1144200000,0.045857740585774055,10.30355328619122
KMG,2014-01-31,Q2,-1392000,119120000,255540000,177813000,-0.04674278038952317,33.58876296382006
WLFC,2013-12-31,FY,15626000,212605000,1199229000,158412000,0.07349780108652196,26.267277106103954
DRQ,2013-12-31,FY,169827000,1242018000,1394612000,731617000,0.13673473331304378,-30.410261268417198
JBL,2013-11-30,Q1,118065000,2390872000,9029402000,4611442000,0.19752625820202838,3.4396837110045366
AAPL,2013-12-28,Q1,13072000000,129684000000,225184000000,57594000000,0.40319545973288917,43.89562357238637
EBF,2013-11-30,Q3,27656000,380258000,557597000,410304000,0.29091827127897374,-25.14060795501661
UNAM,2013-12-31,FY,603668,70896255,132853188,31130892,0.008514808010662905,-13.50943367436247
BKSC,2013-12-31,FY,4076924,34739143,340893703,12751792,0.11735822037981766,-5.974840547298951
FTLF,2013-12-31,FY,1292425,4808598,9230303,19684030,0.2687737673226167,6.93876875782463
RCON,2013-12-31,Q2,6786096,95881517,172753372,57779036,0.283103405633434,-37.01298359494354
COHR,2013-12-28,Q1,11703000,775508000,972020000,193556000,0.06036301366330199,-19.266057955617615
JCI,2013-12-31,Q1,505000000,11531000000,30832000000,8939000000,0.17517994970080653,7.748534663431964
NR,2013-12-31,FY,65323000,581054000,968417000,1042356000,0.11242156494921299,-21.318143968196164
LBTYA,2013-12-31,FY,-905700000,12025800000,67714300000,14474200000,-0.0753130768846979,11.417064225185532
TRN,2013-12-31,FY,392400000,2402100000,7313400000,4365300000,0.16335706257025104,3.264858230958565
CLW,2013-12-31,FY,106955000,605094000,1744825000,1889830000,0.17675766079319907,29.828578404017858
APEI,2013-12-31,FY,42034000,207069000,271655000,329479000,0.20299513688673823,-14.906830826473842
CMT,2013-12-31,FY,6866000,67448000,97121000,134096000,0.10179693986478472,1.9708062884867632
DXLG,2014-02-01,FY,-59786000,104971000,237381000,387983000,-0.5695477798630098,-3.0534323358943007
DLB,2013-12-27,Q1,45246000,1529979000,1765625000,18104000,0.11829181969164283,15.0859743087402
WEX,2013-12-31,FY,-2615000,1391000,1866000,3640000,-1.8799424874191228,0.6260756884020567
AFCB,2013-12-31,FY,2312093,41108195,294812414,13698218,0.05624408953008032,7.243292768109065
CONN,2014-01-31,FY,93449000,589290000,1297986000,903917000,0.1585789679105364,-74.07346399525171
DDDX,2013-10-31,FY,-446548,228813,694234,0,-1.9515849186890606,-24.000000953674316
BFAM,2013-12-31,FY,12344000,889137000,2102670000,1218776000,0.013883124872769888,26.91888660267791
MTD,2013-12-31,Q4,306094000,935052000,2152819000,1862026000,1.3094202247575535,25.90791337330135
UNP,2013-12-31,FY,4388000000,21225000000,49731000000,21963000000,0.20673733804475855,43.154761904761905
CALM,2014-03-01,Q3,78101000,572157000,797077000,1069325000,0.5460109725127893,35.67694335680148
CSL,2013-12-31,FY,209700000,1986100000,3493000000,2943000000,0.10558380746185993,14.634754274406639
SPR,2013-12-31,FY,-621400000,1480500000,5107200000,5961000000,-0.41972306653157715,26.936607973164588
MIDD,2013-12-28,FY,153928000,838347000,1819206000,1428685000,0.1836089352022492,22.99913329676565
CUDA,2013-11-30,Q3,-7233000,-10037000,327860000,53583000,2.882534621898974,-6.000003814697266
PCH,2013-12-31,FY,70581000,204148000,680530000,570289000,0.3457344671512824,1.892661880839427
EQR,2013-12-31,FY,1905353000,10507201000,22834545000,2387702000,0.1813378272672237,40.524389609814634
WYNN,2013-12-31,FY,1004157000,-184507000,8377030000,5620936000,-5.442378879934095,-22.146134740107577
STXS,2013-12-31,FY,-68757589,-11701995,31076396,25287863,5.875715123788721,-56.07734575568812
CGNH,2013-10-31,FY,-2936937,-560820,547950,0,5.236862094789772,-47.340703719318924
NOHO,2013-11-30,Q1,-934380,-1148414,1122054,135807,3.2545057792747216,0.0
CE,2013-12-31,FY,1101000000,2699000000,9018000000,6510000000,0.4079288625416821,9.256913405822466
RFIL,2014-01-31,Q1,265000,25739000,28507000,5850000,0.04118264112824896,-32.17522887103543
NURO,2013-12-31,FY,-8019137,7194975,10796763,5278806,-1.1145468886271321,-40.410961767458936
FTNT,2013-12-31,FY,44273000,585760000,1168464000,278046000,0.07558214968587817,62.0491335453759
AGEN,2013-12-31,FY,-30072669,-4480703,34835481,1417864,6.711596149086427,51.89396804747951
CMI,2013-12-31,FY,1588000000,7510000000,14728000000,17301000000,0.2114513981358189,3.68163609027765
EPAM,2013-12-31,FY,61994000,376101000,432877000,555117000,0.16483338252224802,36.80595625587995
IMII,2014-01-31,Q2,-755462,219170,958293,0,-13.787689921065839,-47.05882627933577
CTS,2013-12-31,FY,-3929000,296729000,480265000,409461000,-0.013241038118957028,-8.33751813226596
SMMF,2013-12-31,FY,8068000,111072000,1386227000,57280000,0.07263756842408528,20.080724538435096
HAYN,2013-12-31,Q1,-3492000,352536000,598204000,93700000,-0.03962148546531418,-12.617670182693194
MRTN,2013-12-31,FY,30147000,359137000,525802000,659214000,0.08394289644341853,9.410601891761038
BWMG,2013-12-31,FY,-788286,-598626,1164197,1924445,1.3168255304647642,-50.70422415124048
SCX,2013-12-31,Q2,1998000,127578000,228784000,119328000,0.06264402953487279,36.65065383964866
SRCH,2013-12-31,FY,-3875234,117511766,159716723,0,-0.03297741266180954,20.83333255723117
CRM,2014-01-31,FY,-232175000,3038510000,9152930000,246461000,-0.0764108066124515,-6.740456135203007
OPHC,2013-12-31,FY,-7075000,-216000,128783000,5280000,32.754629629629626,-36.666666666666664
NUE,2013-12-31,FY,585529000,7645769000,15203283000,19052046000,0.07658209396595686,-7.249911332230469
EVTC,2013-12-31,FY,-24621000,111330000,919353000,357240000,-0.22115332794395043,-9.042982790084448
COFS,2013-12-31,FY,5094000,61558000,514575000,19015000,0.08275122648559083,33.70392252006061
MOFG,2013-12-31,FY,18607000,178016000,1755218000,66094000,0.10452431242135539,6.139705990631272
RCKY,2013-12-31,FY,7372756,131213497,199024758,244870731,0.05618900622700422,-7.618391763395557
ARCT,2013-12-31,FY,-4704000,46881000,119942000,7161000,-0.10033915658795674,-79.16666666666666
RVP,2013-12-31,FY,-6213852,28899988,49097444,30785127,-0.21501226920924674,56.49351594339138
HAIN,2013-12-31,Q2,68886000,1351120000,2372318000,1012363000,0.20393747409556517,30.13879816948316
FLEX,2013-12-31,Q3,322619000,-4160736000,7838506000,19384673000,-0.3101557032217377,46.0746513427446
BSX,2013-12-31,FY,-121000000,6539000000,16571000000,7143000000,-0.018504358464597033,11.231276009839506
XOXO,2013-12-31,FY,5794000,155890000,197749000,18406000,0.03716723330553595,23.620466108012025
SWK,2013-12-28,FY,490300000,6799200000,16535100000,11001200000,0.07211142487351453,19.44615760216346
AMCF,2013-12-31,FY,-1221248,57641483,293267016,273260811,-0.021186963562335827,-13.529412507185864
MFCO,2013-12-31,Q1,-171894,1498150,2322742,655447,-0.4589500383806695,29.999995231628418
UTI,2013-12-31,Q1,1660000,138339000,284875000,97029000,0.04799803381548226,-29.762756542507546
CROX,2013-12-31,FY,10420000,624744000,875159000,1192680000,0.01667883164944361,-21.670852969419524
ABT,2013-12-31,FY,2576000000,25171000000,42953000000,21848000000,0.10233999443804379,19.201660433241308
DST,2013-12-31,FY,352600000,1183800000,3090500000,1960600000,0.2978543672917723,5.15759358094982
MANH,2013-12-31,FY,67296000,181586000,297828000,315901000,0.37060125780621855,36.46578374459739
BG,2013-12-31,FY,207000000,9857000000,26781000000,61347000000,0.02100030435223699,12.166603080636316
SLB,2013-12-31,FY,6732000000,39469000000,67100000000,45266000000,0.17056424028984773,-4.072797851611283
SPRZ,2013-12-31,FY,484398,759975,802309,7000,0.6373867561432942,86.48648648648648
AKAM,2013-12-31,FY,293487000,2629431000,2957685000,1577922000,0.11161616334484532,35.79906587621526
SM,2013-12-31,FY,170935000,1606821000,4705165000,2293374000,0.10638086009580408,-53.55553099428884
TRV,2013-12-31,FY,3673000000,24796000000,103812000000,26191000000,0.14812873044039362,18.102495277131815
NOV,2013-12-31,FY,2328000000,22230000000,34812000000,19137000000,0.10472334682860998,-7.618196519000808
PKG,2013-12-31,FY,436283000,1313015000,5199974000,3665308000,0.3322757165759721,24.747161763904476
MCK,2013-12-31,Q3,892000000,8027000000,36479000000,99468000000,0.44449981313068393,29.86989376516779
INGR,2013-12-31,FY,403000000,2404000000,5360000000,6653000000,0.16763727121464225,25.460123485641507
TFSL,2013-12-31,Q1,16024000,1862440000,11381447000,93019000,0.03441506840488821,23.679867266159565
LAZ,2013-12-31,FY,165114000,560209000,3011137000,2064733000,0.2947364287257077,10.039715948145032
POWI,2013-12-31,FY,57266000,436686000,501421000,347089000,0.13113770535350344,-6.288065819997953
TRNS,2013-12-28,Q3,2280000,28119000,54929000,53378000,0.32433585831644085,21.875
BGFV,2013-12-29,FY,27946000,190770000,441888000,993323000,0.14649053834460346,-24.39409521830299
CMS,2013-12-31,FY,454000000,3454000000,17416000000,6566000000,0.13144180660104227,31.67724840205227
VVI,2013-12-31,FY,21686000,347441000,561932000,972792000,0.062416352704487955,3.4857455937273643
QCOM,2013-12-29,Q1,1874000000,37027000000,46282000000,6622000000,0.20244686309990007,2.786466032705494
VMC,2013-12-31,FY,24382000,3938106000,8259143000,2628696000,0.006191301097532672,11.763725527708365
BLUE,2013-10-31,Q3,-8539,10584,17207,0,-3.22713529856387,94.30588721811492
XEL,2013-12-31,FY,948234000,9565950000,33907490000,10914922000,0.09912596239787998,30.207589021945907
TTWO,2013-12-31,Q3,392392000,821999000,1985351000,2155360000,1.9094524445893486,63.44270591815005
CHUY,2013-12-29,FY,11069000,104488000,151162000,204361000,0.10593560983079396,-46.293746818895755
BERY,2013-12-28,Q1,6000000,-183000000,5264000000,1140000000,-0.13114754098360656,32.33082539036311
OESX,2013-12-31,Q3,2640000,84339000,111084000,61084000,0.1252089780528581,-20.44118094609258
PDNLA,2013-12-31,FY,2471121,-313340,1424324,846878,-7.886388587476862,-10.714286094417377
COO,2014-01-31,Q1,72265000,2435279000,3114755000,404980000,0.11869687210377128,26.85065613530278
ERGO,2013-12-31,FY,-3104827,-949587,631094,314746,3.2696603892007787,-67.83333399560713
MCBC,2013-12-31,FY,9549000,132522000,1517405000,48620000,0.07205596051976276,9.200000762939453
VTNR,2013-12-31,FY,8311432,37144261,64546356,161967252,0.22376086577681542,26.268660880378064
BAH,2013-12-31,Q3,185293000,278688000,3050133000,4078861000,2.659504535537949,40.88772887561547
ELST,2013-12-31,FY,116197,3059733,3128744,2190258,0.037976189425678646,13.157898039038532
MASI,2013-12-28,FY,55721000,326469000,438662000,547245000,0.1706777672612101,-7.944084315604876
SYPR,2013-12-31,FY,-9887000,56252000,146283000,276471000,-0.17576263955059376,-13.07189099440028
TNC,2013-12-31,Q4,40231000,263846000,456306000,752011000,0.6099163906218021,7.66849250089334
FLR,2013-12-31,FY,823026000,3756987000,8323850000,27351573000,0.219065437277265,-24.062771795395395
IBKR,2013-12-31,FY,37003000,707264000,37870700000,1127860000,0.05231851189937562,20.460145895713325
FC,2013-11-30,Q1,1719000,106337000,174444000,41335000,0.0646623470664021,-3.8206827919737445
ENZ,2014-01-31,Q2,-6353000,32190000,55734000,28707000,-0.7894377135756446,12.09964980467494
GPC,2013-12-31,FY,684959000,3349074000,7680297000,14077843000,0.20452190665240602,29.52277537903939
JBSS,2013-12-26,Q2,15999000,216286000,415850000,401811000,0.2958860027925987,89.14330829734308
CARV,2013-12-31,Q3,683000,50428000,638644000,17516000,0.05417625128896645,1.5736786425789537
DIOD,2013-12-31,FY,24104000,702742000,1162258000,826846000,0.034299927996334356,15.831925017557566
FKWL,2013-12-31,Q2,-950162,15348938,22130920,8960948,-0.24761634974354577,-15.151515370448653
STRP,2014-01-31,Q2,-1285000,13609000,20407000,580000,-0.37769123374237634,132.76700046040247
ORLY,2013-12-31,FY,670292000,1966321000,6067208000,6649237000,0.340886355788297,50.84296773295615
CFBK,2013-12-31,FY,-918000,22864000,255748000,7500000,-0.040150454863540935,-2.255637585203541
REXR,2013-12-31,FY,-711000,306198000,554675000,21618000,-0.0023220269237552173,20.98485225597804
H,2013-12-31,FY,205000000,4769000000,8177000000,4184000000,0.04298595093310967,21.856048470257004
BECN,2013-12-31,Q1,14957000,772669000,1348743000,552129000,0.07743030974453485,-30.163852995882245
TAYD,2013-11-30,H1,507686,22379976,26239922,9897118,0.0907393287642489,19.386503038769263
EMR,2013-12-31,Q1,477000000,10741000000,24124000000,5606000000,0.1776370915184806,-11.128528554188433
KLIC,2013-12-28,Q1,-1957000,718461000,840200000,79113000,-0.010895511377792252,9.992427638246859
RHI,2013-12-31,FY,252195000,919643000,1490271000,4245895000,0.27423141371162507,39.84281703617022
TTI,2013-12-31,FY,3325000,555541000,1206533000,300145000,0.005985156811108451,-45.55016014553256
ABMC,2013-12-31,FY,-788000,1338000,4966000,8894000,-0.5889387144992526,-7.692306369719372
NSC,2013-12-31,FY,1910000000,11289000000,32483000000,11245000000,0.16919124811763664,19.379508250479518
GRMN,2013-12-28,FY,612412000,3659706000,4879603000,2631851000,0.16733912505540063,15.323620979984776
ORI,2013-12-31,FY,447800000,3775000000,16534400000,5442700000,0.11862251655629139,-14.591779912957756
ATSG,2013-12-31,FY,-19628000,368968000,1033139000,580023000,-0.05319702521627892,7.169343791922178
MMTC,2014-01-31,Q1,-573833,-1230547,167601,0,1.8652940521572927,-89.76470646396226
ASPW,2013-12-31,FY,-3272940,-1668230,2379485,2195434,1.9619237155548095,-71.99999988079071
EFX,2013-12-31,FY,359900000,2300700000,4539900000,2303900000,0.1564306515408354,18.048924419850167
AXP,2013-12-31,FY,5359000000,19496000000,153375000000,7005000000,0.2748768978251949,3.9016787778640434
POSC,2013-12-31,FY,-7104000,-11241000,3882000,1630000,0.6319722444622364,-79.99999970197678
NRG,2013-12-31,FY,-352000000,10469000000,33902000000,11295000000,-0.03362307765784698,-3.5515270710356552
RS,2013-12-31,FY,321600000,3874600000,7341000000,704500000,0.08300211634749394,-17.972043659775665
COBZ,2013-12-31,FY,27611000,281085000,2800691000,106127000,0.09823007275379333,10.200671096467904
TSBK,2013-12-31,Q1,1611000,79088000,727933000,7481000,0.08147885899251467,9.875258010046494
GBCI,2013-12-31,Q4,95644000,963250000,7884350000,263576000,0.3971720737087983,-6.176569640952356
EGP,2013-12-31,FY,33225000,513998000,1473412000,202171000,0.06464032933980288,11.099603437428758
VSAT,2014-01-03,Q3,-5166000,932534000,1929408000,586398000,-0.022158977581514454,1.2583763279046265
DCO,2013-12-31,FY,9343000,239694000,764199000,736650000,0.038978864719183624,-13.35122312492302
HRL,2014-01-26,Q1,154458000,3417754000,5067170000,2242672000,0.18077134866933078,17.20122569775145
SFNC,2013-12-31,FY,23231000,403832000,4383100000,143113000,0.05752639711563224,9.528928547591299
NBIX,2013-12-31,FY,-46090000,120410000,154676000,2919000,-0.3827755169836392,138.22269418095306
LTBR,2013-12-31,FY,-4864961,5181011,5657639,1901354,-0.9389983923987036,8.275858561197918
SDON,2013-12-31,FY,-35151,-21661,4807,0,1.6227782650847145,75.00000465661297
GEN,2013-12-31,FY,-189000000,756000000,2264000000,804000000,-0.25,10.347754630841083
MGNX,2013-12-31,FY,-260835,78914468,125782381,58034668,-0.003305287441081146,24.389349443232216
BIAD,2013-12-31,FY,-994294,2990851,2043191,0,-0.3324451803182439,13.636364252114102
LAD,2013-12-31,FY,106000000,534722000,1725121000,4005749000,0.19823384861666435,26.851051399172967
GSG,2013-12-31,FY,-31369866,1171092949,1176891284,664549,-0.0267868285150097,-32.99161039128794
SMBC,2013-12-31,Q2,5081908,104995555,950211336,19403024,0.19360469117002144,14.217010751896655
GTY,2013-12-31,FY,70011000,415091000,682402000,102463000,0.16866422061668404,0.8165466068456266
CUTR,2013-12-31,FY,-4747000,84265000,108669000,56905000,-0.056334183824838305,-2.1611027547509467
MLR,2013-12-31,FY,8688000,162231000,226669000,404170000,0.05355326663831204,13.204514775297838
EGAN,2013-12-31,Q2,-3221000,4110000,36418000,33347000,-3.134793187347932,-50.097653830744036
TAKD,2013-12-31,FY,-10524163,7712559,9267770,359773,-1.364548783354526,-20.83333747254461
ORC,2013-12-31,FY,-698006,44765347,363576047,9198858,-0.015592551979994705,0.615386962890625
SVAD,2013-12-31,Q2,-468503,-926063,18513,36984,2.02363338131423,-99.80000000803265
SANW,2013-12-31,Q2,151341,49729368,73101675,23838783,0.012173168981355243,-40.43165496254393
ASPS,2013-12-31,FY,133793000,156699000,724838000,768357000,0.8538216580833318,-78.45930964057631
HII,2013-12-31,FY,261000000,1521000000,6225000000,5801000000,0.17159763313609466,27.019219106356434
UNH,2013-12-31,Q4,5673000000,32149000000,81882000000,8997000000,0.705838439764845,36.58697782977068
RJF,2013-12-31,Q1,116521000,3782076000,21924495000,1208774000,0.12323496407792969,10.308498219960107
DGTW,2013-11-30,Q3,-230610,323796,1040297,1013,-2.8488307452840678,-75.0
GHM,2013-12-31,Q3,7828000,101713000,135569000,76131000,0.30784658794844316,-22.265091284683628
AVGO,2014-02-02,Q1,134000000,2992000000,3472000000,709000000,0.17914438502673796,93.16560363431935
DPSM,2014-01-31,Q2,-106213,-87317,17497,0,4.865627541028665,-92.57142850914468
LEN,2013-11-30,FY,504926000,4168901000,11273247000,5935095000,0.12111729206330397,34.280837518991085
SRI,2013-12-31,FY,16508000,148994000,588322000,947830000,0.11079640790904331,-1.098041908413756
CPB,2014-01-26,Q2,489000000,1410000000,8119000000,4446000000,1.3872340425531915,11.376104037792887
LNG,2013-12-31,FY,-558763000,179682000,9673237000,267213000,-3.109732750080698,64.84230888627204
UAMY,2013-12-31,FY,-1641170,11001855,14890991,11020829,-0.14917211688392548,-65.98984736249149
KSS,2014-02-01,FY,889000000,5978000000,14378000000,19031000000,0.148711943793911,20.768453588094935
MA,2013-12-31,FY,3116000000,7484000000,14242000000,8346000000,0.41635489043292356,4.09834546074025
SRPT,2013-12-31,FY,-111985000,247192000,291569000,14219000,-0.4530284151590666,-28.718704665943868
PAG,2013-12-31,FY,245700000,1504400000,6415500000,14705400000,0.16332092528582823,5.894823554477655
NNI,2013-12-31,Q4,304341000,1443662000,27770849000,644810000,0.8432472420829806,10.58376637178652
GPRE,2013-12-31,FY,43391000,545358000,1532045000,3041011000,0.07956424953883504,29.102175135357296
WRLD,2013-12-31,Q3,67630875,328570093,947010845,455722217,0.8233357379851367,-8.739862484367281
EGBN,2013-12-31,FY,47007000,393863000,3771503000,157294000,0.11934860598736109,17.368598589408855
INTX,2013-12-31,FY,2410000,97463000,131089000,310273000,0.024727332423586386,-50.70603423654085
SXC,2013-12-31,FY,50100000,557400000,2243900000,1633500000,0.0898815931108719,-14.379653029778638
LANC,2013-12-31,Q2,64035000,540706000,660688000,621406000,0.4737139961457798,8.746453716406538
EXPL,2013-12-31,FY,-59113,309314,452620,0,-0.1911100047201226,-19.999998807907104
MTH,2013-12-31,FY,124464000,841392000,2003361000,6037000,0.14792629357065434,-26.10961066003958
GURE,2013-12-31,FY,20967358,294995092,309244805,118391783,0.0710769723585774,-53.191489361702125
DCOM,2013-12-31,FY,43548000,435506000,4028190000,175456000,0.09999402993299748,3.307694655198317
CLFD,2013-12-31,Q1,1982326,42291450,46264981,16147622,0.18749189256930182,-38.488142539255904
CTBG,2013-12-31,FY,-866000,6798000,8376000,129000,-0.12739040894380702,54.54545553065526
NOBH,2013-11-02,FY,747106,35183656,37150621,18525950,0.021234461819431158,3.0150773516147433
SO,2013-12-31,FY,1710000000,19008000000,64546000000,17087000000,0.08996212121212122,21.065433517000503
PFIS,2013-12-31,FY,5721000,238792000,1688221000,37370000,0.02395808904820932,29.02631257709704
LPTH,2013-12-31,Q2,-282378,7207089,10141108,5717581,-0.1567223604426142,-33.82353186091747
HIG,2013-12-31,Q4,176000000,18905000000,277884000000,26236000000,0.03723882570748479,16.671269643506374
NOBH,2014-02-01,Q1,103402,35319524,36764278,4191429,0.011710463595149243,1.6216174976245779
SGC,2013-12-31,FY,5850000,71935000,125494000,151496000,0.08132341697365678,88.5012995353117
CRI,2013-12-28,FY,160407000,700731000,1812484000,2638711000,0.22891380572573497,17.781177340836226
AASP,2013-12-31,FY,-897687,-12342379,668201,1927715,0.07273208835995071,-21.56862481563465
HPTO,2013-12-31,FY,-3746000,-904800,4346900,5889000,4.140141467727674,-64.86486521317542
SYNT,2013-12-31,FY,219658000,722546000,997176000,824765000,0.30400555812363506,0.18692226942744222
NPK,2013-12-31,FY,41252000,332551000,393540000,420188000,0.12404713863437487,-27.22981138999418
PNRG,2013-12-31,FY,13440000,53138000,242922000,24934000,0.25292634273024955,39.70297634011448
POOL,2013-12-31,FY,97330000,286182000,823761000,2079700000,0.3400982591497718,9.82111995943587
ASYS,2013-12-31,Q1,-932000,67263000,106084000,14772000,-0.05542423026032142,38.64941904654767
OTEX,2013-06-30,FY,148520000,1337208000,2654817000,1363336000,0.111067238604615,38.368049174271505
ROYL,2013-12-31,FY,1149153,993292,14815692,2573061,1.1569135762696166,-15.444010432608223
TDY,2013-12-29,FY,184500000,1471700000,2751100000,2338600000,0.1253652238907386,13.927910988238784
VHC,2013-12-31,FY,-27608000,34024000,39398000,2197000,-0.8114272278391723,-71.92169073352086
PLPC,2013-12-31,FY,20587000,252330000,332406000,409776000,0.0815876035350533,-26.189178106934158
NEWP,2013-12-28,FY,15738000,326968000,565229000,560054000,0.04813315064471141,-57.575759080925316
GNCMA,2013-12-31,FY,31727000,157144000,2011807000,811648000,0.201897622562745,24.125566153267698
MSI,2013-12-31,FY,1105000000,3659000000,11851000000,6118000000,0.3019950806231211,0.04444263599537037
BGMD,2013-12-31,FY,-15849000,-1069000,9353000,3683000,14.82600561272217,-50.0
FORD,2013-09-30,FY,-206886,9394310,15030873,30910506,-0.022022479564757814,-29.411762080953054
ERII,2013-12-31,FY,-3106000,86915000,101935000,43045000,-0.035736063970545934,-3.423424336771086
FMBH,2013-12-31,Q4,14722000,149381000,1605498000,53459000,0.3942134541876142,-15.45454372059215
SMID,2013-12-31,FY,691502,11418443,18656808,27710542,0.060560095627748896,2.3255790743460065
PEP,2013-12-28,FY,6787000000,24409000000,77478000000,66415000000,0.2780531771068049,17.054636069339054
REED,2013-12-31,FY,-1520000,3387000,14749000,37281000,-0.44877472689695896,-25.68922305764411
BURL,2014-02-01,FY,16150000,-150468000,2621092000,4427503000,-0.10733179147725762,104.13256260009385
WMTN,2014-01-31,Q1,-1129757,-7084225,3111673,76297,0.6379001231609668,-72.82608695652173
MYE,2013-12-31,FY,26002000,235507000,469457000,825210000,0.11040860781208202,-15.10416859516283
ICCC,2013-12-31,FY,117395,9395869,10960714,6007176,0.012494320642401463,15.925054598971572
FCEL,2013-10-31,Q4,-35319000,-12412000,237636000,145071000,11.38221076377699,36.56715373379693
MBI,2013-12-31,FY,250000000,3299000000,16953000000,1209000000,0.07578053955744164,-18.592959726747537
KVHI,2013-12-31,FY,4533000,116467000,183849000,90295000,0.03892089604780753,-3.76055089148057
SAMG,2013-12-31,FY,17168000,41222000,100727000,60051000,0.41647663868807916,-8.152489453648071
MOD,2013-12-31,Q3,12200000,290900000,889500000,1087000000,0.16775524235132347,7.488300007796027
GACR,2013-09-30,Q3,9670587,-51094727,2301938,1666611,-0.7570712335932434,-96.92307666407004
BNXR,2013-10-31,FY,-1025700,1461436,1556337,235170,-0.7018439397962004,26.984132850356346
TSN,2013-12-28,Q1,252000000,6285000000,11844000000,8761000000,0.160381861575179,19.654550667765104
VTR,2013-12-31,FY,454889000,8824281000,19731494000,2810053000,0.051549695663590044,27.25209071825951
ICAD,2013-12-31,FY,-7608000,21377000,58916000,19556000,-0.3558965243018197,-20.58318739226179
ACM,2013-12-31,Q1,56541000,2036266000,5837421000,1953875000,0.11106800388554344,4.553177501504233
BRC,2014-01-31,Q2,40353000,863430000,1438040000,598724000,0.18694277474722906,-4.3494170596157975
GACR,2013-03-31,Q1,38082717,-35144602,684092,218396,-4.334402990251533,-86.59217903836233
CRYO,2013-09-30,FY,-2399744,-52484,569032,11529,45.72334425729746,-21.56862481563465
MOBQ,2013-12-31,FY,-6087465,2243160,3228504,3157532,-2.713789921360937,-23.4042560386859
TBEV,2013-04-30,Q3,-1800443,17025,419621,53283,-423.0115712187959,-82.00000047683716
PSCO,2013-12-31,FY,453383000,4801999000,12854318000,4202628000,0.09441547155674127,43.750006821210434
MSA,2013-12-31,FY,88049000,566452000,1234270000,1112058000,0.15543947236482528,5.155242016883593
EMPO,2013-12-31,FY,134249,3114751,3533880,4609722,0.04310103761103215,20.000004768371582
ESWW,2013-12-31,FY,843713,4219567,12415012,17544496,0.19995250697524178,217.3076923076923
AHT,2013-12-31,FY,-48558000,617789000,2677002000,942260000,-0.07859965133726887,37.36303600796761
RMGN,2013-12-31,FY,-13000303,64752824,110361367,18488304,-0.20076812402807329,-75.51440458763146
RL,2013-12-28,Q3,623000000,4034000000,6060000000,5456000000,0.6177491323748141,4.979017217666968
COST,2014-02-16,Q2,904000000,11515000000,31566000000,50224000000,0.31402518454190187,27.51387424170657
PCRX,2013-12-31,FY,-63909000,41249000,169820000,81956000,-1.5493466508278988,57.81875231866105
KOS,2013-12-31,FY,-91044000,992335000,2345826000,852428000,-0.09174724261464122,-26.118067948013664
CHFN,2013-12-31,Q1,1637068,273164058,1079910930,9257539,0.02397193850444263,6.685230109117339
LVCA,2013-12-31,Q3,-618161,-859360,652167,0,2.877308694842674,-9.090910630285256
ORRF,2013-12-31,FY,10004000,91439000,1177812000,37098000,0.1094062708472315,4.220186654182768
PBI,2013-12-31,Q4,142835000,188403000,6772708000,460786000,3.0325419446611783,5.922751559237093
KGJI,2013-12-31,FY,28339926,214900825,301096461,1189915923,0.13187444022143702,-47.41071369439858
UBCP,2013-12-31,FY,2612000,38871000,389042000,17025000,0.06719662473309151,1.9925261859617474
CXW,2013-12-31,FY,300835000,1502507000,3007425000,1694297000,0.20022202891567228,14.437172161440559
ACIW,2013-12-31,FY,63868000,543694000,1681851000,864928000,0.11747048891472041,-5.061545441756883
AMSWA,2014-01-31,Q3,7763000,90056000,125085000,33057000,0.3448076752243049,-17.757936263901364
TATT,2013-12-31,FY,-4300543,-4012991,2896195,1107579,1.0716552815593157,-21.482412436583953
SNA,2013-12-28,FY,359700000,2130400000,4110000000,3056500000,0.16884153210664665,28.149723046798837
ARKR,2013-12-28,Q1,563000,32629000,54903000,32138000,0.06901835790247939,-1.6666703897194255
SMCI,2013-12-31,Q2,21034000,405619000,708731000,665378000,0.20742618072624802,103.5547821432152
CVGW,2013-10-31,FY,16745000,128452000,239939000,691451000,0.130359978824775,63.79252338622023
WNC,2013-12-31,FY,46529000,322379000,923571000,1635686000,0.14433012075848614,1.0526247510215125
MU,2013-11-28,Q1,381000000,9219000000,19794000000,4042000000,0.1653107712333225,68.81515776258789
TXN,2013-12-31,FY,2162000000,10807000000,18938000000,12205000000,0.20005551957064865,22.81940444678506
WDAY,2014-01-31,FY,-172509000,1187217000,2176265000,468938000,-0.14530536540497652,-11.257540460117072
JAZZ,2013-12-31,FY,216312000,1295534000,2238221000,865398000,0.16696744354065582,28.90328898285508
ISCO,2013-12-31,FY,-10479000,-4223000,7739000,6147000,2.4814113189675586,-66.66666666666666
RNR,2013-12-31,FY,841768000,3904384000,8179131000,1380482000,0.21559559715437826,1.1300658977808447
K,2013-12-28,FY,1808000000,3545000000,15474000000,14792000000,0.5100141043723554,9.386226427031614
CPS,2013-12-31,FY,45254000,615572000,2102754000,3090542000,0.07351536457148798,19.364687850418505
HWBK,2013-12-31,FY,4974000,74380000,1140122000,45665000,0.06687281527292283,21.97530388072036
AYI,2013-11-30,Q1,44500000,1039600000,1966200000,574700000,0.17121969988457098,35.026867619529725
FMAO,2013-12-31,FY,9007000,108340000,965938000,31428000,0.08313642237400776,18.993656552559777
MO,2013-12-31,FY,4535000000,4119000000,34859000000,24466000000,1.10099538722991,29.799433767354934
ANCB,2013-12-31,Q2,-260000,52159000,391380000,9011000,-0.01993903257347725,10.770908773886699
PB,2013-12-31,FY,221398000,2786818000,18642028000,539297000,0.07944472871927769,-11.863070721202256
MCHP,2013-12-31,Q3,283786000,2075108000,4003108000,1437833000,0.5470288775331211,1.0502820574371508
SMP,2013-12-31,FY,51450000,349432000,615523000,983704000,0.14723894777810848,4.402171101822462
FARO,2013-12-31,FY,21509000,315950000,391496000,238841000,0.06807722740940023,8.679247752158528
PM,2013-12-31,FY,8850000000,-7766000000,38168000000,80029000000,-1.1395827968065928,-5.313895787178327
GE,2013-12-31,FY,13355000000,130566000000,656560000000,71873000000,0.10228543418654167,-8.776309073882524
PEBK,2013-12-31,FY,6691000,83719000,1034684000,36696000,0.0799221204266654,26.16360405169808
KBH,2013-11-30,FY,39963000,536086000,3193635000,2097130000,0.07454587510212914,2.389276521316177
ARW,2013-12-31,FY,399876000,4180232000,12060883000,21357285000,0.0956588055399796,7.557600873955933
SGNI,2013-12-31,Q2,-49203,-362543,1150,0,0.5428652601208684,-70.0
HALL,2013-12-31,FY,8245000,238118000,909023000,5830000,0.03462568978405665,37.120359317872065
IRDM,2013-12-31,FY,62517000,939495000,2309796000,292092000,0.06654319607874443,59.36000061035156
ANGO,2013-11-30,Q2,-525000,529729000,795490000,172195000,-0.003964291175299068,13.636366451222964
CCNE,2013-12-31,FY,16679000,164911000,2131289000,71416000,0.10113940246557233,-1.3684222572728209
WMTN,2014-01-31,Q1,-1129757,-7084225,3111673,76297,0.6379001231609668,-72.82608695652173
ACRE,2013-12-31,FY,13766000,406216000,1176915000,38586000,0.033888374657817515,-11.450381345956195
GD,2013-12-31,FY,2357000000,14501000000,35448000000,19371000000,0.1625405144472795,46.13291514724212
TVER,2013-01-31,Q3,-142230,-158710,4276,0,3.58465125070884,-38.5714267467966
RBCL,2013-12-31,FY,-500005,9014318,17533510,25470934,-0.055467867896384394,-16.129032754253043
KW,2013-12-31,FY,13900000,768300000,1798800000,121200000,0.01809189118833789,15.32584201084094
USNA,2013-12-28,FY,79024000,260522000,368470000,718175000,0.30332946929625904,32.71912884909781
GRPN,2013-12-31,FY,-88946000,713651000,2042010000,919001000,-0.12463515079499643,-30.1614281397228
WD,2013-12-31,FY,41530000,402841000,1128966000,319039000,0.10309278350515463,9.461970806596147
RSG,2013-12-31,FY,589100000,7903500000,19949200000,8417200000,0.07453659770987538,22.530118585377
IDN,2013-12-31,FY,-2424256,15356304,17902217,7298537,-0.15786715345046567,-26.249998807907104
USM,2013-12-31,FY,144522000,3391206000,6445708000,3594773000,0.0426166974226868,-2.7977000896298794
ARCT,2013-12-31,FY,-19311000,1448818000,2048305000,55887000,-0.01332879630153684,-79.16666666666666
MELI,2013-12-31,FY,117526263,343483608,592362773,472594709,0.34215974288938994,18.471097377870763
AVA,2013-12-31,FY,112294000,1298266000,4361923000,176761000,0.08649537151862562,28.875491815485304
RSYS,2013-12-31,FY,-49404000,81136000,176185000,237863000,-0.6089035693157169,4.803499360122004
FMC,2013-12-31,FY,308000000,1519800000,5235200000,3874800000,0.20265824450585604,-23.73443223976988
ITEX,2014-01-31,Q2,339000,11993000,13701000,7121000,0.11306595514049862,-28.75000238418579
ITIC,2013-12-31,FY,14796738,128062154,188305816,126251497,0.11554341027248378,-10.224754341137556
ROCK,2013-12-31,FY,-5633000,471749000,894162000,827567000,-0.011940671840321866,-12.856371006084844
JUVF,2013-12-31,FY,4001000,49984000,448782000,16734000,0.08004561459667094,2.874860402829026
SFM,2013-12-29,FY,51326000,513771000,1172404000,2437911000,0.09990053934535036,-13.936364468004689
TAST,2013-12-29,FY,-13519000,77204000,329481000,663483000,-0.17510750738303715,16.64145056601868
FNF,2013-12-31,Q4,419000000,5068000000,10524000000,8565000000,0.3307024467245462,31.680253672146254
IESC,2013-12-31,Q1,124000,62645000,165222000,120079000,0.00791763109585761,43.784790203588244
FORD,2013-12-31,Q1,351427,9724111,15566261,8415477,0.14455902447020608,-30.967736427791237
HALO,2013-12-31,FY,-83478551,-19990676,101792592,24439724,4.1758743426185285,-37.29152927245782
BNXR,2014-01-31,Q1,-85503,1373853,1425808,83565,-0.24894366427849268,-63.249998742714496
EL,2013-12-31,Q2,737000000,3868600000,7841200000,5693700000,0.7620327767150907,2.4561849198310877
ALSN,2013-12-31,FY,165400000,1438800000,4812600000,1926800000,0.11495690853489018,23.614633515506654
HUBB,2013-12-31,FY,329800000,1906400000,3187200000,3183900000,0.1729962232480067,-0.5509627784334885
UFPI,2013-12-28,FY,45804000,640623000,916987000,2470448000,0.07149915004612697,1.4991365241961834
CLNE,2013-12-31,FY,-66919000,514572000,1250965000,310813000,-0.13004788445543092,-61.02484521488363
SSY,2013-12-31,Q2,-931000,32843000,68524000,58259000,-0.1133879365466005,50.00000677325512
CNC,2013-12-31,FY,165718000,1234041000,3529300000,372580000,0.13428889315671036,78.64291127337829
ARS,2013-12-31,FY,-36100000,368400000,2472900000,4332500000,-0.0979913137893594,-50.0
CWI,2013-12-31,FY,-30399000,461539000,1083368000,122223000,-0.06586442315817298,-5.921972520848812
ESGR,2013-12-31,FY,223822000,1755523000,8620155000,416570000,0.12749590862665997,11.22309115750396
HNNA,2013-12-31,Q1,1457000,31109000,69710000,7921000,0.18734128387283422,88.51065487600509
MMS,2013-12-31,Q1,33859000,539112000,844200000,406592000,0.2512205256050691,25.460323984767225
RIG,2013-12-31,FY,1407000000,16691000000,32546000000,9484000000,0.0842969264873285,-62.20153582095036
KALU,2013-12-31,FY,104800000,1084200000,1770900000,1297500000,0.09666113263235565,2.37757096971845
IGXT,2013-12-31,FY,-1639000,5008000,6217000,948000,-0.32727635782747605,-8.928573519295567
ARWR,2013-12-31,Q1,-10685732,82731584,92692477,43750,-0.5166458314154846,-30.230415617405214
BUSE,2013-12-31,FY,28726000,415364000,3539575000,108696000,0.06915861750175749,14.137937044558843
CORT,2013-12-31,FY,-46011000,21017000,63077000,10357000,-2.1892277679973353,-7.788161901216574
WHR,2013-12-31,FY,849000000,4924000000,15544000000,18769000000,0.1724207961007311,23.460412411428546
MHLD,2013-12-31,FY,102856000,1123843000,4713379000,2110056000,0.09152168051943199,18.57273262846944
MPW,2013-12-31,FY,97215000,1344208000,2904570000,242523000,0.07232139668860771,14.729952139129685
DECK,2013-12-31,FY,145689000,888119000,1259729000,1556618000,0.16404220605572,8.761545827721115
DGLY,2013-12-31,FY,-2497940,7054777,13006513,17826329,-0.35407781138936073,72.79651840597626
AEP,2013-12-31,FY,1480000000,16085000000,56414000000,15357000000,0.09201119055020206,32.04963415552815
FCEL,2014-01-31,Q1,-10815000,27325000,240724000,34460000,-1.5831655992680695,-16.083913855717153
CYCC,2013-12-31,FY,-276888000,28023000,35520000,7901000,-9.88074082004068,-82.83582089552239
CORR,2013-12-31,FY,5969106,177193340,283875659,31286020,0.03368696588709259,-8.707861255596944
TAP,2013-12-31,FY,572500000,8638900000,15580100000,5999600000,0.06627001122828138,33.39269722256078
BLIN,2013-12-31,Q1,-777000,22195000,35384000,4549000,-0.14003153863482767,-55.660377358490564
LEA,2013-12-31,FY,455800000,3045900000,8330900000,16234000000,0.14964378344660034,22.242808280488838
TACT,2013-12-31,FY,4935000,32521000,40408000,60141000,0.15174810122689955,-56.66400683113959
HAFC,2013-12-31,FY,39906000,401237000,3055539000,122328000,0.09945742790420624,0.45683135796255775
PENN,2013-12-31,FY,-794339000,758400000,2183991000,2918754000,-1.0473879219409283,-4.815070370250578
PBIO,2013-12-31,FY,-4084427,-1967775,1103282,1503288,2.0756575319840938,0.0
WMK,2013-12-28,FY,71721000,834053000,1148242000,2692588000,0.08599093822574824,-8.00932939711541
CVV,2013-12-31,FY,-560323,31124272,39141639,17883927,-0.018002766458280535,-1.7881721428058421
MATX,2013-12-31,FY,53700000,338200000,1248300000,1637200000,0.1587817859254879,33.43546280414576
CHAG,2013-12-31,FY,-1276945,1113955,1117586,108737,-1.1463165029107998,-95.90909106302853
CMCSA,2013-12-31,FY,7135000000,50694000000,158813000000,64657000000,0.14074643942083875,13.276885797787724
LGND,2013-12-31,FY,11420000,49613000,104713000,19072000,0.2301816056275573,-0.7224371112466891
CVCO,2013-12-28,Q3,14496000,285515000,456760000,402130000,0.2030856522424391,14.879488270122623
LPSN,2013-12-31,FY,-3499000,159053000,205090000,177805000,-0.02199895632273519,-8.232114294716
SUPN,2013-12-31,FY,-92273000,33464000,110995000,11552000,-2.757381066220416,7.957564781237355
CNTY,2013-12-31,FY,6075000,121809000,190624000,104588000,0.049873162081619585,-3.0710143232362834
RDI,2013-12-31,FY,9145000,117140000,386807000,258221000,0.07806897729212908,73.03071340698058
FISI,2013-12-31,FY,25530000,254839000,2928636000,98931000,0.10018089852809028,4.6539925879703805
AE,2013-12-31,FY,21610000,154685000,448082000,14129000,0.13970326793160293,-29.781024125370664
LEDS,2013-11-30,Q1,-6350000,61133000,77830000,3417000,-0.41548754355258205,-50.98039124022075
CDXC,2013-12-28,FY,-4419525,5665451,8986892,10160964,-0.7800835273308339,-41.40127456242851
ABM,2014-01-31,Q1,13069000,927955000,2165211000,1226471000,0.05633462829555313,8.289576160803371
OC,2013-12-31,FY,205000000,3793000000,7647000000,5295000000,0.054046928552596886,-11.836934062697434
PKBK,2013-12-31,FY,7839000,93716000,794943000,36784000,0.0836463357377609,29.629641621419722
MHH,2013-12-31,FY,3805000,9460000,17051000,106901000,0.4022198731501057,-20.6576085556108
SHW,2013-12-31,FY,752561000,1774535000,6382507000,10185532000,0.4240891275742659,44.376014805598565
DWOG,2013-12-31,Q1,-460630,23140056,23727554,0,-0.07962469926606919,-66.1286655449865
OFIX,2013-06-30,Q2,2183000,345227000,459450000,201653000,0.025293502536012535,30.80013934724915
NWN,2013-12-31,FY,60538000,751872000,2970911000,758518000,0.08051636448757235,18.682858610498737
RFIL,2013-10-31,FY,3828000,25419000,28953000,36625000,0.1505960108580196,-51.03373008192986
CSGP,2013-12-31,FY,29734000,927862000,1256982000,440943000,0.03204571369449336,-0.35756844775427216
PSX,2013-12-31,FY,3743000000,21950000000,49798000000,171596000000,0.1705239179954442,-5.458316134305441
CFFI,2013-12-31,FY,14402000,112941000,1312297000,80212000,0.12751790758006393,-14.385811163206236
GPI,2013-12-31,FY,113992000,1035175000,3819478000,8918581000,0.11011857898422972,27.68234946689308
INFN,2013-12-28,FY,-32119000,417810000,700926000,465424000,-0.07687465594408942,53.23741571302497
CHH,2013-12-31,Q4,112601000,-464245000,539899000,724307000,-0.9701860009262351,15.780899824233419
INTU,2014-01-31,Q2,-48000000,2235000000,4718000000,516000000,-0.08590604026845637,18.525596853002348
AGIN,2013-12-31,Q2,-317480,-708154,519594,0,1.7932822521654894,-79.99999860301611
VGR,2013-12-31,FY,38692000,-95036000,1260159000,1056200000,-0.40712992971084644,38.03298134692565
ACFN,2013-12-31,FY,-29714000,32399000,50956000,14128000,-0.9171270718232044,-83.29238382132597
STN,2013-12-31,FY,-113493000,658408000,3078398000,1261478000,-0.1723748800136086,-11.161287369266633
AGIO,2013-12-31,FY,-39407000,131482000,201205000,25548000,-0.29971402929678587,368.3507081240625
UVSP,2013-12-31,FY,21189000,280506000,2191559000,77579000,0.07553849115526941,-1.8375293158004833
L,2013-12-31,FY,1069000000,19458000000,79939000000,15053000000,0.05493884263541988,-11.795195363656328
FULO,2013-12-31,FY,223367,-1003235,111923,112613,-0.22264673780320662,2.0408205157368053
CAH,2013-12-31,Q2,617000000,6589000000,25009000000,46763000000,0.37456366671725605,22.466700620766204
CRL,2013-12-28,Q4,104151000,640984000,1644621000,476362000,0.649944460392147,20.483508583497688
BGC,2012-06-29,Q2,46100000,1358400000,4502100000,2924700000,0.1357479387514723,0.3406963182717388
SLGN,2013-12-31,FY,185413000,713843000,3321082000,3708518000,0.2597391863476983,13.01541012165802
CGA,2013-12-31,Q2,14054194,319910931,375200918,90937948,0.17572633677840785,-57.4585632448111
HAE,2013-12-28,Q3,24964000,825220000,1487893000,697418000,0.12100530767552894,-9.708511939894576
IESC,2013-06-30,Q3,-1731000,52043000,151473000,370810000,-0.133043829141287,37.44588878629665
TRGM,2013-12-31,FY,-9337618,-7017698,4997753,8505667,1.3305813387808936,-60.00533191784555
UUU,2013-12-31,Q3,-2945939,23966338,24442382,9940194,-0.4916794547418967,37.18245177557422
INRD,2013-12-31,FY,-1649961,5363840,9848055,11235654,-0.3076081687746092,-31.818178739429488
ACGL,2013-12-31,FY,709731000,5647496000,19566094000,3526157000,0.12567180215798293,-0.1507824698530923
NKE,2013-11-30,Q2,1317000000,11344000000,17820000000,13402000000,0.4643864598025388,25.540530424780478
GPN,2013-11-30,Q2,151565000,1087113000,3981564000,1263807000,0.5576789165431745,37.80118578836227
CHRW,2013-12-31,FY,415904000,939724000,2802818000,1669134000,0.4425810131485415,29.71723122662231
ALOG,2014-01-31,Q2,15539000,500335000,586920000,247925000,0.12422876672629338,-14.762156321306222
LTC,2013-12-31,FY,57815000,632438000,931410000,104974000,0.09141607556788175,24.470189309879324
DXYN,2013-12-28,FY,5290000,70771000,248866000,345066000,0.07474813129671758,-26.65575958485612
FDX,2014-02-28,Q3,1367000000,15227000000,32729000000,33728000000,0.3590989689367571,32.73831343060673
SCI,2013-12-31,FY,149104000,1414230000,12906070000,2556382000,0.10543122405832149,26.530621047682562
ATEC,2013-12-31,FY,-82227000,171676000,365630000,204724000,-0.47896619212936,-33.83084791528462
NOW,2013-12-31,FY,-73708000,394259000,1168476000,74846000,-0.18695324646996012,21.192642898761363
LSCG,2013-12-31,FY,-89817332,-410849963,55297126,83221557,0.21861346011609595,-67.4193539548739
SF,2013-12-31,Q4,162013000,2058849000,9008870000,142539000,0.3147642202026472,7.116030361710438
V,2013-12-31,Q1,1407000000,27014000000,36248000000,3155000000,0.20833641815355,18.802764727116543
JBT,2013-12-31,FY,33100000,154400000,621200000,811800000,0.21437823834196892,13.56972880988013
LFUS,2013-03-30,Q1,11488000,597365000,787814000,170918000,0.07692449340018247,37.308038937710734
HBNC,2013-12-31,FY,19876000,164520000,1758276000,74886000,0.12081205932409433,4.658500270571664
OVLY,2013-12-31,FY,5886194,64516929,671852542,25103954,0.09123487573315835,20.071688508315482
IPWR,2013-12-31,FY,-9551698,14834948,15835286,417468,-0.6438646094344247,34.83992567159148
URBF,2014-01-31,Q2,-855252,296828,883015,0,-11.52521999272306,68.34171192925558
WTFC,2013-12-31,FY,137210000,1900589000,18097783000,630709000,0.07219340951673402,2.5368647240659516
GNTX,2013-12-31,FY,222929949,1327603683,1764088434,1171864171,0.16791904982987307,11.036990418956247
ONVO,2013-12-31,Q3,-19366000,48701000,51615000,264000,-1.590603889037186,-30.80397417722112
OPK,2013-12-31,FY,-117346000,876410000,1391516000,68161000,-0.1338939537431111,16.706171459577146
PFE,2013-12-31,FY,22072000000,76307000000,172101000000,51584000000,0.2892526242677605,2.448585069217121
BVN,2013-12-31,FY,-8481000,8212000,209222000,315363000,-1.0327569410618607,-13.903746724507041
CVG,2013-12-31,FY,60900000,1289600000,1956700000,2046100000,0.04722394540942928,17.25336690250985
UBSI,2013-12-31,FY,85628000,1041732000,8735324000,306154000,0.08219772455871567,19.141495426790627
ABMD,2013-12-31,Q3,3729000,160457000,193365000,133038000,0.0929594844724755,43.455500892652005
TMO,2013-12-31,FY,1273300000,16856100000,31863400000,11215200000,0.07553941896405456,13.704537355496285
WSGP,2013-12-31,FY,-243895,-153270,1541990,0,1.591276831734847,-88.00000099341071
CLH,2013-12-31,FY,95566000,1475639000,3953678000,2729205000,0.0647624520631401,-18.84589628018659
MFA,2013-12-31,FY,302709000,3142251000,12471908000,482940000,0.09633507953374826,14.730884520102908
TVER,2013-10-31,Q2,-79103,-258923,5680,0,1.2220312602588415,-88.88888957875743
SNPS,2014-01-31,Q1,67696000,2823215000,4192156000,478951000,0.09591334701749601,7.852486252351887
DIS,2013-12-28,Q1,1904000000,44324000000,83166000000,12309000000,0.17182564750473783,24.662199389308178
BK,2013-12-31,FY,2192000000,37521000000,374310000000,3352000000,0.058420617787372404,17.429880915715167
HMN,2013-12-31,FY,110893000,1099305000,8826672000,1031267000,0.10087555319042486,6.246028372928858
PG,2013-12-31,Q2,6529000000,70138000000,142927000000,43485000000,0.3723516496050643,13.499566846088475
HTBK,2013-12-31,FY,11540000,173396000,1491632000,52786000,0.06655286165770836,7.52427066481518
CVS,2013-12-31,FY,4592000000,37938000000,71526000000,126761000000,0.12103959091148717,36.27217995691849
PXD,2013-12-31,FY,-799549000,6601584000,12292788000,3155696000,-0.12111472034590486,-18.471233034783772
SXT,2013-12-31,FY,113295000,1242684000,1870734000,1467550000,0.09116959741977848,28.132723788953527
QCCO,2013-12-31,FY,-13993000,65906000,108104000,151982000,-0.21231754316754164,-6.145252326778909
LIME,2013-12-31,FY,-15636000,7774000,34780000,51565000,-2.0113197838950345,-16.608996596884275
ITCI,2013-12-31,FY,-26868198,31615275,38449312,2737002,-0.8498486253875698,20.0
WASH,2013-12-31,FY,36153000,329646000,3188867000,116348000,0.10967219380790302,8.516921184790407
KMX,2013-11-30,Q3,393377000,3288369000,11303875000,9498016000,0.4785071261771413,10.61929993970986
FI,2013-12-31,FY,350830000,1097432000,1561195000,174762000,0.31968267737773276,21.91363047230604
EVBN,2013-12-31,FY,7857000,80712000,833498000,32404000,0.09734611953612846,18.530804629017535
BBW,2013-12-28,FY,-2112000,84390000,194642000,373173000,-0.025026661926768574,158.5301976220969
FUL,2014-03-01,Q1,14649000,933615000,1909107000,485981000,0.06276248774923282,-7.145821915919444
SNWV,2013-12-31,FY,-11299721,-6127881,1588057,800029,1.8439850578038315,-70.53571324035221
CWST,2014-01-31,Q3,-11771000,6413000,669442000,378706000,-7.341961640417901,-25.730996924260975
HE,2013-12-31,FY,163406000,1727070000,10340044000,3238470000,0.09461457844789152,30.85187710263051
BIEI,2013-12-31,FY,-4877148,-249015,25489,0,19.58575989398229,-83.9572192513369
LBYE,2014-01-31,Q2,-66826,120279,367326,0,-2.2223663316123345,-76.0479024384368
ENBP,2013-12-31,FY,7710000,83776000,812256000,26906000,0.09203113063407181,5.999997456868489
AMT,2013-12-31,FY,482208000,3534165000,20272571000,74317000,0.13644184694263,25.70783853861251
HFWA,2013-12-31,FY,9575000,215762000,1659038000,71428000,0.04437760124581715,4.385964814437848
ATLO,2013-12-31,FY,13953644,142106184,1233084160,38433813,0.09819167334758634,16.346583060222127
ATRI,2013-12-31,FY,26582000,148994000,172066000,131993000,0.17840986885377935,14.734175154931433
MKL,2013-12-31,FY,283845000,6673577000,23955511000,4323083000,0.042532662768407406,18.500904563454796
LINC,2013-12-31,FY,-51286000,145196000,305949000,345024000,-0.3532190969448194,-42.57028345096433
LPX,2013-12-31,FY,177100000,1226300000,2493300000,2085200000,0.1444181684742722,-9.50837497092865
HES,2013-12-31,FY,5222000000,24720000000,42754000000,22284000000,0.21124595469255664,-10.686750297086785
QUIK,2013-12-29,FY,-12276000,40598000,49126000,26072000,-0.3023794275580078,-15.567285945055275
SJG,2013-12-31,FY,62236000,610969000,1909126000,446480000,0.1018644153795037,14.235502523368023
FLT,2013-12-31,FY,284501000,1243893000,3932235000,895171000,0.22871822576379158,27.131526023482934
CPSI,2013-12-31,FY,32743238,69082547,92534638,79792563,0.4739726518768916,-0.37210732426178883
KRNY,2013-12-31,Q2,5573000,464515000,3259026000,47233000,0.04798983886419168,19.08857821021601
ADMA,2013-12-31,FY,-15527246,21573359,31979943,3023503,-0.7197416962282044,41.02563757711465
DFS,2013-12-31,FY,2470000000,10809000000,79340000000,7064000000,0.2285132759737256,18.534403557602303
CVCY,2013-12-31,FY,8250000,120043000,1145635000,34836000,0.06872537340786218,-3.111114501953125
DE,2014-01-31,Q1,681300000,10255700000,29034000000,6948500000,0.26572540148405277,-0.8957615766255799
ELSE,2013-12-31,FY,706000,11263000,12609000,6541000,0.0626831217260055,-2.493769011056438
HSTM,2013-12-31,FY,8418000,149433000,212594000,132274000,0.05633293850755857,-9.531107902385372
IEHC,2013-12-27,Q3,1197114,9824310,10654188,11770051,0.48740888673097654,-12.336445965926375
BKSH,2013-11-30,FY,-366282,-1197025,2075957,0,0.3059936091560327,-8.735328832885617
CCI,2013-12-31,FY,93901000,6926717000,20594908000,518764000,0.013556349999574113,7.4765052988602045
FORR,2013-12-31,FY,13024000,204662000,402202000,297650000,0.06363663015117609,4.966026161087314
LOAN,2013-12-31,FY,582967,8892687,16124454,2259547,0.06555577633621874,131.57894443313546
IBTX,2013-12-31,FY,19800000,233772000,2163984000,87214000,0.08469791078486731,-20.620220922132013
TDS,2013-12-31,FY,166821000,4117837000,8904147000,4901236000,0.040511802676987944,1.1636897946862808
HUM,2013-12-31,FY,1231000000,9316000000,20735000000,2109000000,0.13213825676255903,41.22263374205758
SOHO,2013-12-31,FY,-4435185,31171379,228040102,89374527,-0.14228388804999612,25.925925033974647
CSGS,2013-12-31,FY,51351000,366104000,868980000,747468000,0.1402634224154885,-13.741493403395744
HNRG,2013-12-31,FY,23154000,183334000,260413000,153870000,0.1262940862033229,37.34490221466593
EIX,2013-12-31,FY,1015000000,11691000000,46646000000,12581000000,0.08681892053716535,44.557238462332585
ASTC,2013-12-31,Q2,-1767000,34319000,43847000,9227000,-0.2059500568198374,-12.36749116607774
WAYN,2013-12-31,FY,2056000,38552000,410293000,14397000,0.05333056650757419,21.67125419903489
SUWN,2014-01-31,Q3,-166062,25077361,29372877,2394691,-0.026487954613725103,9.732825594279774
BYD,2013-12-31,FY,-108554000,469987000,5741731000,2894438000,-0.23097234604361397,13.854346662809055
WTER,2013-12-31,Q3,-3066156,178588,782901,333404,-68.67552131162228,-68.44106463878326
RIHT,2013-12-31,FY,-2042779,-984690,146223,324016,2.0745402106246638,-80.0
AFAM,2013-12-31,FY,8226000,214054000,352273000,357812000,0.03842955515897858,-9.928861150691034
TSLA,2013-12-31,FY,-74014000,667120000,2416930000,1997786000,-0.11094555702122556,47.729829913406654
LPCN,2013-12-31,FY,-10590106,44823747,46107522,0,-0.2362610604597603,-37.21212295287433
RBCAA,2013-12-31,FY,25423000,542793000,3371904000,134568000,0.046837376311043066,2.485732193338923
SEB,2013-12-31,FY,206765000,2475249000,3418048000,5431402000,0.08353301021432591,47.479223147540175
NBRI,2013-12-31,FY,-2059305,-2443014,2820118,0,0.8429362254985031,-99.71428572067192
PAYX,2014-02-28,Q3,481600000,1788200000,7069400000,1824400000,1.0772844200872385,19.348664166225074
BCRX,2013-12-31,FY,-30108000,-1126000,48866000,17331000,26.738898756660745,59.34210274523311
EME,2013-12-31,FY,127354000,1466265000,3465915000,6417158000,0.08685605944355215,5.796425491922037
RSSS,2013-12-31,Q2,-589503,689222,10359509,18200100,-3.4212662973613726,-59.99999940395355
RDNT,2013-12-31,FY,2376000,-80000,722576000,702986000,-29.7,450.29939021234605
BDCO,2013-12-31,FY,-3807129,12113711,57679501,409543069,-0.3142826339509008,5.0526267603824015
PGTK,2013-12-31,Q3,-2503061,34468312,45055048,0,-0.2904767718245094,-96.55172413793103
ESS,2013-12-31,FY,172055000,1884619000,5186839000,613703000,0.09129431465988616,46.310368098231265
SJM,2014-01-31,Q3,446700000,5204800000,8989000000,4376300000,0.3432984936981248,7.0131779012714075
ICE,2013-12-31,FY,270000000,12615000000,64818000000,1795000000,0.02140309155766944,-1.3916046473092663
LMT,2013-12-31,FY,2981000000,4918000000,36188000000,35691000000,0.6061407076047174,31.46104389986145
AVB,2013-12-31,FY,352771000,8596132000,15328143000,1462921000,0.04103834143077375,40.53962525948362
CLEV,2014-01-31,Q2,-21272,-109075,83455,0,0.7800870960348384,-20.000004967053535
INSM,2013-12-31,FY,-56073000,143324000,176498000,11500000,-0.3912324523457341,-10.117648629581227
LIN,2013-12-31,FY,156601000,89127000,1216850000,652363000,1.7570545401505717,1.0074579488516655
SMTC,2014-01-26,FY,-164466000,535843000,948940000,594977000,-0.3069294550829254,18.468268021460137
CIK,2013-12-31,FY,856966000,4913303000,19796588000,2135539000,0.1744174947077353,-9.26966092725273
CGNH,2014-01-31,Q1,-408391,-951090,409634,0,1.7175703666319697,-84.68271285918077
TVER,2014-01-31,Q3,-103986,-283806,16095,0,1.465592693600558,-72.09302396097975
MSTR,2013-12-31,FY,83332000,310326000,585514000,575888000,0.2685305130733487,28.08274921036318
MLI,2013-12-28,FY,173289000,703405000,1247767000,2158541000,0.2463573616906334,8.663170841135596
ONCI,2013-10-31,FY,-911163,-1855880,121868,0,0.4909600836260965,-97.14285701931435
SENEA,2013-12-28,Q3,14796000,381344000,866545000,1046449000,0.1551984559872451,-13.343651912527454
SPG,2013-12-31,FY,1551590000,6822632000,33324574000,5170138000,0.2274180990562,29.62648693518156
MCEM,2013-12-31,FY,5442711,114432381,174105862,127441599,0.047562682454365776,10.882955141745766
SAH,2013-12-31,FY,81618000,613639000,3051170000,7340547000,0.13300653967560733,12.459155234651414
MCET,2013-11-30,FY,-1369432,-362917,179085,49318,3.7734027339584535,-28.571422631871123
WOR,2013-11-30,Q2,28340000,863789000,2041401000,769900000,0.13123575317583344,-9.416291780166828
GFMH,2014-01-31,Q3,-66495,-20259,12260,0,13.128979712720273,45.16127990456047
ONSM,2013-09-30,FY,-7169502,5460842,13927410,17217998,-1.3128931399223782,-28.41409737416806
LCNB,2013-12-31,FY,8780000,118873000,932338000,33497000,0.07386033834428339,-17.795193673793445
JCTCF,2013-11-30,Q1,332579,20930600,22233293,8006281,0.0635584264187362,5.0
CMP,2013-12-31,FY,130800000,554200000,1404800000,1129600000,0.23601587874413568,9.481569079995127
CRK,2013-12-31,FY,41029000,952005000,2139398000,420290000,0.043097462723410064,-63.09458597456113
FSRL,2013-12-31,FY,-7736530,32092744,355408131,14706060,-0.2410678874950674,81.87133483727584
MARA,2013-12-31,FY,-3450335,12180117,12955230,3418371,-0.2832760145079066,172.0634741385483
BMRA,2013-11-30,Q2,-411072,5426568,5827160,1948580,-0.30300698341935456,15.853658093362244
DX,2013-12-31,FY,68069000,585876000,4217137000,127132000,0.1161832879312346,5.000003178914389
STAG,2013-12-31,FY,4902000,603049000,1270281000,133893000,0.008128692693296895,21.922517677820274
INFU,2013-12-31,FY,1669000,42723000,77373000,6318000,0.03906560868852843,40.18690901579813
UAL,2013-12-31,FY,571000000,2984000000,36812000000,38279000000,0.1913538873994638,74.5968803986081
AOLS,2013-12-31,Q1,-695000,278000,2758000,793000,-10.0,-4.130433360097114
TVER,2012-10-31,Q2,-105044,-121524,12865,0,3.4575557091603306,18.421061145054278
FLL,2013-12-31,FY,-3962000,77814000,154287000,144727000,-0.05091628755750893,-51.428570090507954
CL,2013-12-31,FY,2410000000,2305000000,13876000000,17420000000,1.0455531453362257,7.406842353728499
MKC,2014-02-28,Q1,82500000,1987400000,4429700000,993400000,0.16604609036932677,13.52408964032806
GNRC,2013-12-31,FY,174539000,317071000,1798205000,1485765000,0.5504729224684692,-16.13700474601147
VGTL,2013-12-31,Q3,1221058,-625910,247672,9101,-7.8034094358613855,-97.1777986498398
KMB,2013-12-31,FY,2221000000,4856000000,18919000000,21152000000,0.45737232289950575,17.170254340817962
ORBT,2013-12-31,FY,-2570000,15890000,19731000,24838000,-0.1617369414726243,-14.999999298768904
WSBC,2013-12-31,FY,63925000,746595000,6144773000,217890000,0.0856220574742665,9.937500953674316
MYRG,2013-12-31,FY,34759000,296091000,525422000,902729000,0.11739296364968878,10.446574350891156
PSSR,2013-10-31,FY,281902,10563272,18279705,11035058,0.026686996226169317,33.33333333333333
CZBS,2013-12-31,FY,1348773,46307792,387732673,13765959,0.02912626453880591,43.90244299566931
ABCB,2013-12-31,FY,20018000,316699000,3667649000,126322000,0.06320828294374153,23.1170015143137
WSO,2013-12-31,FY,187719000,1127392000,1669531000,3743330000,0.16650730180806675,11.919638630692818
FCCN,2013-12-31,FY,-11626500,4143716,6340885,0,-2.8058148772744076,-29.974061930178248
CEXE,2013-12-31,FY,-1802450,-16302272,977398,0,0.11056434342403317,-52.76595680597086
ECYT,2013-12-31,FY,-18032438,88228721,162857576,64870919,-0.20438285623566957,-41.198501588385604
KEY,2013-12-31,FY,910000000,10303000000,92934000000,2620000000,0.08832378918761526,5.067066328687901
CNHC,2013-12-31,FY,266340000,1451989000,14986704000,858121000,0.18343114169597705,-42.857142263187114
CBT,2013-12-31,Q1,86000000,2136000000,4455000000,899000000,0.16104868913857678,-14.105057947030927
SAVE,2013-12-31,FY,176918000,769117000,1180765000,1654385000,0.2300274210555741,68.31094596343956
AEYE,2013-12-31,FY,-2882626,5329271,6276871,1449660,-0.5409043751012099,27.27272727272727
JOB,2013-12-31,Q1,-227000,2388000,10218000,9069000,-0.38023450586264657,480.9523982525961
FCHS,2013-12-31,FY,-4704303,-1786541,11813297,1048469,2.6331906180714575,-23.57142352328
CCEL,2013-11-30,FY,27436,-9267985,11500802,17697635,-0.002960298274112442,49.46236290371011
NPWZ,2013-12-31,Q1,-857293,-1069429,432380,0,3.206544801010633,-59.33333320915699
SWKS,2013-12-27,Q1,94500000,2212200000,2435400000,505200000,0.1708706265256306,167.4685703535293
GFOO,2013-09-30,FY,-1683258,943700,1195728,34868,-1.7836791353184274,-99.42857142005647
CCBG,2013-12-31,FY,6045000,276400000,2611903000,82152000,0.021870477568740956,34.8343183376088
NANX,2013-12-31,FY,-2478000,5368000,7028000,9590000,-0.46162444113263784,-24.07407775337299
EOG,2013-12-31,FY,2197109000,15418459000,30574238000,14487118000,0.1424986115668239,10.462343864237504
MEI,2014-02-01,Q3,48045000,341824000,507214000,547933000,0.5622191537165325,14.752530595336024
CNS,2013-12-31,FY,63255000,223557000,274926000,297713000,0.28294797300017444,6.165744686301152
SLG,2013-12-31,FY,151283000,6525405000,14959001000,1469077000,0.02318369511164441,31.51115824960611
TWI,2013-12-31,FY,29687000,687723000,1821231000,2163595000,0.04316708907510727,-39.822024636834655
UCTT,2013-12-27,FY,10424000,171929000,292543000,444022000,0.06062967853009091,-6.666667299286432
AMNL,2013-12-31,FY,-13063526,1486567,15215287,54825,-8.787714243623059,-40.90909435729343
ZYXI,2013-12-31,FY,-7340000,4882000,17221000,16414000,-1.503482179434658,-51.35151251011939
VAC,2014-01-03,FY,80000000,1209000000,2632000000,141000000,0.06617038875103391,41.15078246569254
CBAT,2013-11-30,Q1,-5037792,-1089673,83067,0,18.492857949127856,36.893204445326106
VSH,2013-12-31,FY,123769000,1872756000,3237139000,2370979000,0.06608922892250779,7.69230381963099
ENRT,2013-11-30,Q1,-149409,5839,569845,0,-102.3524576126049,-15.384612739438744
AIVN,2013-08-31,Q1,-197314,827708,1895395,101411,-0.9535440034408269,-73.52941099128923
TREX,2013-12-31,FY,34598000,106616000,188157000,342511000,0.3245103924364073,7.129382944767902
GWRE,2014-01-31,Q2,-11507000,628889000,716291000,150004000,-0.07318938636229923,6.121583235952565
PDFS,2013-12-31,FY,20929000,134712000,151164000,101453000,0.15536106657164914,-42.03747113571887
UMBF,2013-12-31,FY,133965000,1506065000,16911852000,348341000,0.088950344108654,-10.143124737991775
SGMA,2014-01-31,Q3,2495912,54649933,125968819,166918544,0.18268362744378844,-37.6873653471109
ASUR,2013-12-31,FY,-1662000,4217000,35615000,25474000,-0.39411904197296654,-5.882351441216902
CFFN,2013-12-31,Q1,17813000,1569463000,9111054000,72234000,0.04539896767238221,7.349301144133584
ANDE,2013-12-31,FY,95702000,701474000,2273556000,5604574000,0.13642986055078307,-8.539869543513955
HLX,2013-12-31,FY,113049000,1499051000,2544280000,876561000,0.07541371174162853,-3.8826557665286816
SFBC,2013-12-31,FY,3940000,46504000,442611000,19626000,0.08472389471873387,11.538466313344433
NAII,2013-12-31,Q2,282000,40497000,47225000,33630000,0.02785391510482258,-7.347667616808868
TTEK,2013-12-29,Q1,27327000,1017228000,1788673000,645848000,0.10745673536316341,-3.687793323993039
OMC,2013-12-31,FY,1111600000,3582400000,22098700000,14584500000,0.31029477445288073,4.343143213999021
CIX,2013-12-31,FY,6015000,104728000,121678000,92045000,0.057434496982659844,-14.275569884753065
OFIX,2013-09-30,Q3,-17639000,319057000,430058000,294391000,-0.2211391694900911,49.8796267437271
KEYW,2013-12-31,FY,-10634000,300237000,447855000,298732000,-0.03541868590480187,-25.223210531914
IP,2013-12-31,FY,1378000000,8105000000,31528000000,29080000000,0.17001850709438618,12.133550162955459
MSCC,2013-12-29,Q1,1379000,1045820000,2137102000,255631000,0.005274330190663785,16.13682159889234
HSII,2013-12-31,FY,6347000,247873000,553224000,461995000,0.025605854611030647,14.448857674284696
TGRO,2013-12-31,FY,-17945,-139368,269,0,0.12875983009012112,-95.348837175723
EAT,2013-12-25,Q2,68956000,123493000,1489568000,1348887000,2.233519308786733,26.295428506329028
HLIT,2013-12-31,FY,37027000,494166000,606084000,376598000,0.07492826297236152,-3.387533822808607
IRIX,2013-12-28,FY,2231000,25854000,33677000,38273000,0.08629225651736676,-11.632656338114518
SVTE,2013-11-30,Q1,-3737,-219001,156716,477223,0.06825539609408177,-84.17220605584326
BIIB,2013-12-31,FY,1862341000,8620242000,11863335000,5542331000,0.21604277466920302,22.398681359465993
PBSV,2013-10-31,FY,4906489,18049761,21281936,33062010,0.2718312447461216,-23.926379560477542
STRT,2013-12-29,Q2,8535000,112705000,179872000,161079000,0.30291468878931727,89.96407469954764
SIX,2013-12-31,FY,156873000,373337000,2607814000,1109930000,0.4201914088343775,17.409016568550275
INTZ,2013-12-31,FY,623000,-860000,2417000,7578000,-0.7244186046511628,113.636350089854
MVIS,2013-12-31,FY,-13178000,-1696000,8447000,2341000,7.7700471698113205,34.84847732264616
TUP,2013-12-28,FY,274200000,252900000,1843900000,2671600000,1.0842230130486359,-33.347289412861635
ENG,2013-12-28,FY,-2989000,22483000,45801000,168963000,-0.13294489169594806,36.02941208696283
NVDA,2014-01-26,FY,439990000,4456398000,7250894000,4130162000,0.09873220479858397,33.958596593606124
CRVP,2014-01-31,Q1,-846948,3551049,37606588,18431514,-0.954025697758606,-31.428565589748818
SCMP,2013-12-31,FY,6419000,58148000,136973000,16425000,0.11039072711013276,47.76596709579983
DAKT,2014-01-25,Q3,20380000,203977000,341969000,415730000,0.3996529020428774,-15.742637173912405
EDUC,2013-11-30,Q3,670800,13170700,18337300,20207600,0.20372493489336177,37.45927954252832
IESC,2013-09-30,FY,-3573000,62486000,179252000,494593000,-0.05718080850110425,101.47784286853023
DRGN,2013-12-31,Q3,-137598,-865918,117359,95226,0.6356167674075375,-20.000002980232196
AMKR,2013-12-31,FY,111657000,953740000,3427298000,2956450000,0.11707278713276155,16.476341487585668
BWA,2013-12-31,FY,651000000,3560600000,6917000000,7436600000,0.18283435376060214,-0.9658402537377857
TBEV,2013-01-31,Q2,-718710,397420,518988,0,-7.23375773740627,-84.61538461538461
FFC,2013-12-31,FY,34407761,192352633,561761061,132579503,0.17887855478432677,13.542861938476564
TORM,2013-12-31,FY,-1616,38544,52617,46021,-0.04192611041926111,-24.144866396842705
ECL,2013-12-31,FY,973600000,7344300000,19636500000,13253400000,0.13256539084732377,0.9590486546414371
LYB,2013-12-31,FY,3853000000,12478000000,27298000000,43052000000,0.30878345888764225,0.398604508831585
MGRC,2013-12-31,FY,43397000,401030000,1019557000,68443000,0.10821384933795476,-8.19095071363115
FWRD,2013-12-31,FY,54467000,435865000,506269000,652481000,0.12496300460004818,15.531768887551396
ICUI,2013-12-31,FY,40418000,464725000,499643000,313056000,0.08697186508149982,30.371996157879487
MGM,2013-12-31,FY,56502000,4231179000,26110185000,9809663000,0.013353724812871306,-8.801018939355234
PTSI,2013-12-31,FY,5915000,115946000,329302000,402813000,0.051015127731875186,138.94787626572423
MMM,2013-12-31,FY,4721000000,17502000000,33550000000,30871000000,0.269740601074163,18.245986693683154
TWER,2013-12-31,FY,-24775289,66093941,74917467,33433284,-0.37484962502084723,-39.52702453782969
LOW,2014-01-31,FY,2286000000,11853000000,32732000000,53417000000,0.19286256643887623,46.381509604812535
ASH,2013-12-31,Q1,110000000,4665000000,11983000000,1868000000,0.09431939978563773,23.979803987440526
OMER,2013-12-31,FY,-39796000,-18384000,16535000,1600000,2.164708442123586,111.51460798452632
NOHO,2013-08-31,FY,-1697669,-595507,1102013,258521,2.8507960443789915,-83.33333454599287
WOLV,2013-11-30,Q2,-160642,122186,405567,0,-5.258933101992045,0.0
DIT,2013-12-31,Q1,1287996,53025325,116915737,305625557,0.09716081891058659,-1.1635184556799758
WHG,2013-12-31,FY,17891000,88633000,116020000,91825000,0.2018548396195548,0.9529965337458374
ANDR,2013-12-31,FY,-1117661,2199731,2788910,2020989,-0.5080898528047293,16.66666977107532
ESRX,2013-12-31,FY,1872700000,21837400000,53548200000,104098800000,0.08575654610896902,22.081438792626553
GDOT,2013-12-31,Q4,34040000,402249000,875474000,573621000,0.3384968017322604,-18.648113738348016
USAP,2013-12-31,FY,-4062000,196458000,347924000,180768000,-0.020676175060318235,-31.33666310057016
EWD,2013-12-31,FY,-2336000,157604000,198279000,14083000,-0.014821958833532144,-10.298638718483234
CMA,2013-12-31,FY,541000000,7153000000,65227000000,1784000000,0.07563260170557808,-0.8834707100424111
CRMD,2013-12-31,FY,-9133098,-4022343,2967800,2001,2.2705915432870842,49.193552976840635
TTGT,2013-12-31,FY,-1837000,157062000,176982000,88496000,-0.011696018132966599,58.017491860229995
UBFO,2013-12-31,FY,7269000,76543000,635929000,23002000,0.09496622813320617,15.90466143457436
HSY,2013-12-31,FY,820470000,1604834000,5357488000,7146079000,0.5112491385401855,8.65987645607221
RHP,2013-12-31,FY,118352000,757695000,2424629000,954562000,0.15620005411148286,29.248448007993883
LIVE,2013-12-31,Q1,-408158,2849470,3625063,593458,-0.5729598837678586,163.06533208173565
VLY,2013-12-31,FY,131961000,1541040000,16156541000,616097000,0.08563113222239527,-2.5691722512057336
CPWR,2013-12-31,Q3,49143000,1075406000,2037108000,706132000,0.18278863982533108,0.0
TBI,2013-12-27,FY,44924000,393360000,719461000,1668929000,0.11420581655480984,-12.615742469670618
FIZZ,2014-01-25,Q3,31703000,101974000,210150000,476793000,1.2435718908741444,9.668241570129366
FRCN,2013-12-31,Q2,-219799,-1234118,114890,504868,0.712408375860331,-83.33333454599287
CBSH,2013-12-31,FY,261117000,2210642000,23072036000,650285000,0.11811817562499943,2.2645244415198227
VFC,2013-12-28,FY,1210119000,6077038000,10315443000,11302350000,0.19912974050845164,20.895764173323062
PVCT,2013-12-31,FY,-27697744,6628666,20008184,0,-4.178479350143754,-67.21991728953107
NSAV,2013-05-31,Q2,-149181,-359605,73105,11126,1.6593873833789852,-80.00550027179584
FN,2013-12-27,Q2,33736000,365483000,504406000,350113000,0.36922100343928443,-13.513513260196747
NAVB,2013-12-31,FY,-42699458,-4009587,40316517,614423,10.649340692694784,-11.594209842618865
GLPI,2013-12-31,FY,19830000,142429000,2609239000,242129000,0.1392272641105393,-41.9405644505511
BRN,2013-12-31,Q1,-1000000,19990000,65929000,1609000,-0.2001000500250125,-10.299001453878084
GERN,2013-12-31,FY,-38379000,59757000,67344000,1283000,-0.642251117023947,-28.350631223818745
NSAV,2013-11-30,FY,-627689,-550949,9560,17132,1.1392869394444858,-70.07700700688329
ISBA,2013-12-31,FY,12510000,160609000,1493137000,54076000,0.0778910272774253,-3.563942842240518
CAR,2013-12-31,FY,16000000,771000000,16284000000,7937000000,0.020752269779507133,66.89758075323759
VRSN,2013-12-31,Q4,544450000,-423558000,2660767000,965087000,-5.141680714329561,-3.914352961476279
FSTR,2013-12-31,FY,29290000,316397000,413654000,597963000,0.09257357054586485,3.658277667041226
IPAS,2013-12-31,FY,-12312000,29242000,54916000,111115000,-0.42103823267902335,-11.464969507022657
OXY,2013-12-31,FY,5903000000,43126000000,69443000000,24455000000,0.13687798543801882,-10.810936189650386
KRED,2013-12-31,FY,-3912278,363748,640705,889932,-10.755462572990092,-79.22077917051388
AHH,2013-12-31,FY,14453000,105521000,435282000,140036000,0.13696799689161399,2.5862147812329632
ALGT,2013-12-31,FY,91779000,375743000,930191000,996150000,0.24426003944185254,39.8520516876996
KOPN,2013-12-28,FY,-5606016,134553247,146131723,20574812,-0.04166392209026364,-14.726843666503944
CPK,2013-12-31,FY,32787000,278773000,837522000,444306000,0.11761182036997844,27.45751724026158
ULGX,2013-12-31,Q2,-2419000,-1877000,10816000,7585000,5.15503462972829,-61.166668984624984
AEHR,2013-11-30,Q2,-29000,5844000,11626000,8702000,-0.019849418206707735,-4.642852794150843
R,2013-12-31,FY,237792000,1896714000,9103782000,6419285000,0.12537050920697584,26.972081668647263
KMI,2013-12-31,Q4,1193000000,13093000000,75185000000,6677000000,0.36446956388910107,18.055555555555554
LYTS,2013-12-31,Q2,2735000,142512000,171974000,156609000,0.0767654653643202,-23.644754010326963
LYV,2013-12-31,FY,-36015000,1409228000,5683521000,6478547000,-0.025556545853474385,34.514168096293304
TRMK,2013-12-31,FY,117060000,1354953000,11790383000,414346000,0.08639414060856723,-7.563340816336682
ADC,2013-12-31,FY,20189611,289568216,462741543,43517664,0.06972315980977692,8.924879778542499
WGO,2013-11-30,Q1,11146000,180589000,314913000,222670000,0.2468810392659575,-18.140441749628994
AXDX,2013-12-31,FY,-15281821,41516780,43430377,48285,-0.3680878189493501,58.03278938668674
GERS,2013-12-31,FY,-4433059,-42724230,6352647,15498204,0.10375983370560453,-99.99272727272728
BGC,2013-12-31,FY,-10100000,1280200000,4578900000,6421200000,-0.007889392282455866,55.86778680669765
LIN,2013-12-31,FY,156601000,89127000,1216850000,652363000,1.7570545401505717,1.0074579488516655
SBRA,2013-12-31,FY,33715000,460164000,1197835000,134780000,0.073267356855382,18.668711484544783
NOHO,2013-11-30,Q1,-890543,-728119,1152054,135807,4.892293704737824,0.0
EFSI,2013-12-31,FY,7158000,66406000,586444000,25036000,0.10779146462669036,1.5555572509765625
ADSK,2014-01-31,FY,228800000,2261500000,4595000000,2273900000,0.10117178863586115,5.385362578601372
NTWK,2013-12-31,Q2,-2724023,68105165,102069263,17765138,-0.15998921667688493,-31.38936445376054
UFCS,2013-12-31,FY,76140000,782833000,3720672000,877042000,0.0972621235946875,3.0704852505248534
USB,2013-12-31,FY,5732000000,41113000000,364021000000,12285000000,0.13942062121470095,12.772276367630292
USPH,2013-12-31,FY,12723000,128290000,224135000,264058000,0.09917374697949957,18.462854356560833
DAIO,2013-12-31,FY,-2576000,12862000,17502000,18717000,-0.20027989426216763,31.90662229421577
MYGN,2013-12-31,Q2,105825000,675971000,756681000,389144000,0.6262102960038226,66.01526497145977
TCS,2013-11-30,Q3,-10174000,177282000,774960000,531716000,-0.2295551719858756,-49.45462842998516
EXLS,2013-12-31,FY,48097000,366174000,463432000,478452000,0.13135012316548964,5.032582720540632
VC,2013-12-31,Q4,775000000,1920000000,6027000000,7439000000,1.6145833333333333,30.137990583860642
CCUR,2013-12-31,Q2,1823000,25806000,46467000,22454000,0.28256994497403704,-14.075885697472678
SPSC,2013-12-31,FY,1051000,192773000,223330000,104391000,0.005452008320667313,-14.134767114203267
NEOG,2013-11-30,Q2,13924000,281810000,319713000,104575000,0.19763670558177496,-11.450834308532585
STRL,2013-12-31,FY,-70026000,128893000,273018000,556236000,-0.5432878434049948,-45.78004789672934
JNPR,2013-12-31,FY,439800000,7302200000,10326000000,3519900000,0.060228424310481775,0.44306771299008385
URI,2013-12-31,FY,387000000,1828000000,11231000000,4955000000,0.21170678336980306,33.57281183181623
SALM,2013-12-31,FY,-2736000,201785000,575113000,236934000,-0.01355898604950814,-9.885053741741261
F,2013-12-31,Q4,7148000000,26383000000,202026000000,139369000000,1.0837281582837432,0.45365971121036414
SCL,2013-12-31,FY,72337000,552286000,1167202000,1880786000,0.13097742836139248,-38.32088795321692
AACS,2013-11-30,Q3,-96365,1507038,4904487,1999715,-0.2557732452665427,-60.46511709756578
SANM,2013-12-28,Q1,23101000,1093235000,3030200000,1447498000,0.08452345561567275,43.87447550789345
OCC,2014-01-31,Q1,-443672,29792818,45309845,16534930,-0.05956764479278194,32.56997327345974
ELTP,2013-12-31,Q3,-9777695,-4927426,18276723,69255,7.937365269412468,83.33333643774199
ZTS,2013-12-31,Q4,503000000,940000000,6558000000,4561000000,2.1404255319148935,32.609361563883574
DD,2013-12-31,FY,4862000000,16229000000,51499000000,35734000000,0.2995871587898207,3.761263023285688
TPCA,2013-12-31,FY,18103000,614125000,1043621000,557667000,0.029477712192143294,-4.571424211774554
QCRH,2013-12-31,FY,14938245,147576780,2394952924,81871958,0.10122354614323473,6.283027901832589
FRD,2013-12-31,Q3,1323486,63057204,71632791,84167208,0.08395462634213847,-18.117646610035614
HUBG,2013-12-31,FY,69110000,561527000,1047943000,3373898000,0.12307511482083676,-4.914751370799182
AIZ,2013-12-31,FY,488907000,4833479000,29714689000,9047657000,0.10115012395833312,4.746110842441686
TDW,2013-12-31,Q3,96838000,2639988000,4847445000,1056011000,0.14672490935564858,-44.82874623106354
BCO,2013-12-31,FY,81100000,693900000,2498000000,3942200000,0.11687563049430753,-27.973050403615986
DXPE,2013-12-31,FY,60237000,296250000,635277000,1241510000,0.20333164556962025,-55.295137704614476
GACR,2013-12-31,FY,-16362052,-73662761,1886868,3025850,0.2221210796049309,-96.52380933332132
AWH,2013-12-31,FY,417880000,3519826000,11945830000,2222922000,0.11872177772423978,-18.22034035287888
GMED,2013-12-31,FY,68612000,472360000,566304000,434459000,0.14525362012024726,19.326063228700736
CIZN,2013-12-31,FY,7149860,66266202,873068899,32116095,0.10789602820454385,0.26881309696293704
IDT,2014-01-31,Q2,7023000,92942000,444998000,827093000,0.30225301801123283,25.64706241383272
TRAK,2013-12-31,FY,5894000,601224000,956475000,481534000,0.009803334530890316,-7.8740177435990235
ALTX,2013-12-31,Q1,-70000,2532000,2988000,20000,-0.11058451816745656,-3.225804901023846
RYMM,2014-01-31,Q3,-1198999,-475977,613346,0,10.076108719538968,-31.11111497437497
EGHT,2013-12-31,Q3,4459000,275397000,296551000,8749000,0.06476468516360019,-10.049256575608148
IIIN,2013-12-28,Q1,2747000,163489000,219395000,87218000,0.06720941470068323,2.411228221335062
TEX,2013-12-31,FY,220900000,2190100000,6536700000,7084000000,0.10086297429341126,-31.864730967554905
DTE,2013-12-31,Q4,668000000,7921000000,25935000000,9661000000,0.3373311450574422,32.50489781925011
SCIE,2013-06-30,Q2,-3287026,-4085427,2187785,120000,3.218293705896593,-11.764700726241704
OGE,2013-12-31,FY,393800000,3037100000,9134700000,2867700000,0.12966316551973922,5.693215983198228
AEGY,2014-01-31,Q2,495665,-1882358,6089,0,-1.0532852942957716,-98.61111112233945
SCRH,2013-12-31,FY,200607,-134844,400264,731563,-1.4876968941888404,-34.21052321998026
OPTT,2014-01-31,Q3,-7760317,16900535,22316529,1124157,-1.8367032759613824,-81.46551724137932
UNM,2013-12-31,FY,858100000,8659100000,59403600000,10353800000,0.09909805868970216,1.3112858051946865
ODFL,2013-12-31,FY,206113000,1232082000,1932089000,2337648000,0.16728837853324696,47.302895115507724
CSBR,2014-01-31,Q3,-5134000,4486000,10471000,9092000,-4.577797592510032,-54.9999992052714
EXTR,2013-12-31,Q2,-16022000,184393000,517455000,180109000,-0.34756200072670873,-49.14040196825808
IGC,2013-12-31,Q3,-1552822,13748795,18187952,2275018,-0.4517696278110191,-29.80768789906457
TROX,2013-12-31,FY,-90000000,2437000000,5699000000,1922000000,-0.03693065244152647,2.7308239117860755
PFIE,2013-12-31,Q3,4869839,20283037,23767322,24778093,0.9603766930958121,-39.72602766569928
OSBC,2013-12-31,FY,82085000,147692000,2004034000,69040000,0.5557850120521084,15.584421750297919
UHS,2013-12-31,FY,554023000,3300229000,8311723000,7283822000,0.1678741081300722,37.226186567515214
LULU,2014-02-02,FY,279547000,1096682000,1249688000,1591188000,0.2549025150408231,47.92317925295311
ENZN,2013-12-31,FY,18150000,5255000,7121000,34493000,3.4538534728829684,-9.482760126752364
COMM,2013-12-31,FY,19396000,1088016000,1651401000,3480117000,0.017826943721415862,21.341779942148797
FORM,2013-12-28,FY,-57683000,294086000,340708000,231533000,-0.1961433050196201,42.97519579878891
ALGN,2013-12-31,FY,64295000,633970000,832147000,660206000,0.10141647081092166,-1.3650661316565935
SATS,2013-12-31,FY,3401000,3217370000,6701963000,347910000,0.0010570745671153769,5.3901844268581005
WVVI,2013-12-31,FY,1423492,18859258,29004812,13271914,0.0754797458097238,-8.744041241183629
RJDG,2013-11-30,Q1,-17503,50,50,0,-1400.24,-36.70885911800211
DDDX,2014-01-31,FY,-9553225,125588,1939574,0,-76.06797623976813,-87.83783751129668
RMAX,2013-12-31,FY,28252000,241964000,352823000,158862000,0.11676117108330165,8.076084119844538
AZPN,2013-12-31,Q2,38262000,90475000,358911000,186334000,1.691605415860735,-14.952153382956643
REAC,2013-12-31,FY,3657,-14410,18159,0,-0.2537820957668286,-99.9
CWI,2013-12-31,FY,-30399000,461539000,1083368000,122223000,-0.06586442315817298,-5.921972520848812
EHOS,2013-09-30,Q3,-109358,-124603,66437,0,3.5106056836512765,-98.49999994039536
KAI,2013-12-28,FY,23648000,269496000,442168000,344499000,0.08774898328732152,5.342566982705637
ACFC,2013-12-31,FY,-11406000,65525000,733633000,28836000,-0.17407096528042731,-8.314085483578962
FAST,2013-12-31,FY,448636000,1772697000,2075784000,3326106000,0.25308103979416674,1.283941553151116
BXP,2013-12-31,FY,841440000,5741153000,20162251000,2135539000,0.1465628942478976,30.537013736330355
MCS,2013-11-28,Q2,16328000,319745000,750394000,229620000,0.20426277189635492,13.502394055870282
CAVM,2013-12-31,FY,-13688000,286584000,367985000,303993000,-0.047762610613293136,78.20922338795319
GWW,2013-12-31,Q4,807749000,3250438000,5266328000,9437758000,0.9940186522554807,0.8104267795274626
MBCN,2013-12-31,FY,7028000,53473000,647090000,28178000,0.1314308155517738,29.269233116736782
PFS,2013-12-31,FY,70534000,1010753000,7487328000,252777000,0.06978361676888419,-6.159423151421764
OCLR,2013-12-28,Q2,64769000,249635000,448146000,199562000,1.037819216055441,-23.577237151274065
WDC,2013-12-27,Q2,925000000,8579000000,15282000000,7776000000,0.43128569763375685,36.549138800537946
AMAT,2014-01-26,Q1,253000000,7241000000,12199000000,2190000000,0.1397597016986604,44.19857416557772
MYMX,2013-12-31,FY,6003000,-27097000,13120000,0,-0.22153743956895597,66.66666149265241
NI,2013-12-31,FY,532100000,5886600000,22653900000,5657300000,0.09039173716576632,32.02554804468139
SOYL,2013-09-30,FY,-462241,-7855694,20816,63656,0.05884152310413313,-43.83561841902592
PRI,2013-12-31,FY,162725000,1222027000,10329950000,1267448000,0.13315990563219962,29.573522889383824
CCK,2013-12-31,FY,428000000,4000000,8030000000,8656000000,107.0,16.13192433461905
FLXS,2013-12-31,Q2,4938000,155841000,206552000,216882000,0.12674456657747318,7.712329863940807
PLUS,2013-12-31,Q3,27051000,259744000,506777000,27989000,0.4165794012566219,28.430682273100512
MRCY,2013-12-31,Q2,-3301000,330812000,369742000,107030000,-0.03991390880621017,27.03196428955573
NX,2014-01-31,Q1,-3900000,412261000,541043000,202362000,-0.037840106146349035,-0.6332497857629867
FSI,2013-12-31,FY,1821634,11473314,14473968,15801596,0.15877138898142246,14.583338377997393
CPTP,2013-12-31,FY,711000,1653000,24810000,6669000,0.4301270417422868,46.875
RBCN,2013-12-31,FY,-30351000,195791000,202695000,41513000,-0.15501733991858666,-56.28140703517588
PVNC,2014-01-31,Q3,-26135,-110779,2010,0,0.9436806614972152,6.122443021609968
CIA,2013-12-31,FY,4793000,245809000,1216280000,213636000,0.019498879211094795,-11.542859758649554
INBK,2013-12-31,FY,4593000,90908000,802342000,25536000,0.0505236062832754,-25.555555555555554
FCAP,2013-12-31,FY,5087000,53227000,444384000,18411000,0.09557179626881095,14.063968668524431
KMPR,2013-12-31,FY,217700000,2051500000,7656400000,2426500000,0.10611747501827931,-10.543055921426197
MENB,2013-12-31,FY,-876900,1034000,19267000,35635900,-0.8480657640232109,-65.68627493947986
CAGU,2013-12-31,FY,201867,332116,13399348,23877726,0.6078207614207084,-2.439022085483674
T,2013-12-31,FY,18553000000,91482000000,277787000000,128752000000,0.20280492337290396,-3.0716727471614282
LARK,2013-12-31,FY,4655000,62692000,828755000,22112000,0.07425189816882537,13.464277064664568
LSTR,2013-12-28,FY,146009000,454481000,970696000,2664780000,0.3212653554273996,29.278892288789887
DRI,2013-11-24,Q2,90000000,2059200000,7157300000,4208400000,0.17482517482517482,4.353511617949235
NGRC,2013-11-30,Q2,-739343,15625,30125,0,-189.271808,-31.66666997803569
AEO,2014-02-01,FY,82983000,1166178000,1694164000,3305802000,0.07115809078888471,6.444279063767988
DVAX,2013-12-31,FY,-66720000,186294000,204622000,4929000,-0.35814357950336567,-13.163264660674411
AGCO,2013-12-31,FY,592300000,4010200000,8438800000,10786900000,0.14769836915864545,-22.774117004546763
PII,2013-12-31,FY,377292000,535605000,1685488000,3777068000,0.7044221021088302,4.243345207683078
CTAS,2013-11-30,Q2,162616000,2147972000,4365398000,2264096000,0.30282703871372624,32.422156595251586
ZBRA,2013-12-31,FY,134358000,958658000,1119812000,984532000,0.1401521710557884,44.822479739359125
IMCB,2013-12-31,FY,11771000,94012000,939648000,33331000,0.12520742032931967,14.951677947671143
BDMS,2013-12-31,FY,89173,5883188,24353386,64105874,0.015157258275615194,-18.624646484696505
ISRG,2013-12-31,FY,671000000,3501400000,3950300000,1867800000,0.1916376306620209,36.9272006136331
IVZ,2013-12-31,FY,982800000,8392600000,19270500000,4644600000,0.11710316230965374,9.78021266307568
AMD,2013-12-28,FY,-83000000,544000000,4337000000,5299000000,-0.15257352941176472,-31.168826986754457
FRME,2013-12-31,FY,44530000,634923000,5437262000,170834000,0.07013448874902942,2.1566891986222427
CFNB,2013-12-31,Q2,4015000,180615000,552729000,9889000,0.08891841762865764,-7.0860968309087475
EXEL,2013-12-31,FY,-244760000,66238000,503287000,15017000,-3.6951598780156405,-77.97716152302252
MTZ,2013-12-31,FY,141216000,1016089000,2919638000,4324787000,0.13897995155936144,-30.562351877362616
CSSV,2013-12-31,Q1,-699000,-1307000,80828000,9758000,2.139250191277735,12.000001788139317
XRAY,2013-12-31,FY,318161000,2535053000,5078047000,2950770000,0.1255046738667791,10.024753828880453
CERS,2013-12-31,FY,-43337000,42795000,83381000,39657000,-1.012665030961561,-3.2558146411929654
EXPE,2013-12-31,FY,232850000,2145464000,7739481000,4771259000,0.10853130138748542,23.413719065687268
ITT,2013-12-31,FY,488500000,1201000000,3740200000,2496900000,0.406744379683597,-5.642554241272321
LSBK,2013-12-31,FY,3743000,65271000,482167000,18614000,0.05734552864212284,11.147546160769013
LECO,2013-12-31,FY,291687000,1526602000,2151867000,2852671000,0.19106944704644693,-2.046536528482005
MNAP,2013-12-31,FY,-10961113,20706748,21941590,0,-0.529349804228071,31.24088391516388
EPR,2013-12-31,FY,180226000,1687637000,3272276000,343064000,0.1067919226705743,19.589099060223408
BAC,2013-12-31,FY,11431000000,232685000000,2102273000000,55020000000,0.04912650149343533,16.441872293635164
DRRX,2013-12-31,FY,-21452000,30721000,40820000,3590000,-0.698284561049445,-55.491328619425715
PSBQ,2013-12-31,FY,4744000,56753000,711541000,26816000,0.0835902947861787,13.59999348144551
LII,2013-12-31,FY,171800000,485700000,1626700000,3199100000,0.353716285773111,12.167889020201303
MLHC,2013-06-30,FY,-4393268,-3632563,3697089,9324685,1.2094127479688583,-77.14285842580146
NRIM,2013-12-31,FY,12412000,144151000,1215006000,46074000,0.08610415467114345,0.0381106286930802
WCN,2013-12-31,FY,196005000,2043082000,5064252000,1928795000,0.0959359438338745,2.9108400836995134
TCX,2013-12-31,FY,4180464,26917218,121352829,129934904,0.15530817486413342,37.57143020629883
LKQ,2013-12-31,FY,311623000,2350745000,4518774000,5062528000,0.13256350646284476,-14.164138415298302
CHJI,2013-12-31,FY,2318261,13893639,23187957,1211397,0.16685772532307772,39900.00011641533
TVER,2013-07-31,Q1,-19999,-199819,9031,0,0.4003423097903603,-1.2499932479111833
NDLS,2013-12-31,FY,6665000,124473000,187802000,350924000,0.053545748877266555,-26.559018637218447
RUSHA,2013-12-31,FY,49217000,665381000,2167798000,2239847000,0.07396814757259375,8.026978335784985
GM,2013-12-31,Q4,5331000000,42607000000,166344000000,152092000000,0.5004811415964513,-14.142400123205299
ANNO,2013-09-30,FY,-7172094,8119978,25127319,798390,-0.8832652009648302,0.0
LIVE,2013-09-30,FY,-5747014,3169733,3993250,2351868,-1.8130908817872042,161.62790262486374
GFF,2013-12-31,Q1,3236000,595093000,1752159000,453458000,0.021751222077893706,1.7411017530064385
TXHG,2013-12-31,Q1,19647,-1103765,2870536,897881,-0.07119993839268322,-61.90476156686708
NS,2013-12-31,FY,-284671000,1903794000,5032186000,938138000,-0.14952825778419304,11.727788478896436
JMBA,2013-12-31,FY,2080000,26842000,97916000,212887000,0.07749049996274496,17.699113075235157
PHRX,2013-12-31,FY,-6000614,-7711514,1282300,4813048,0.7781369520952695,-35.897435591281194
DGX,2013-12-31,FY,883000000,3948000000,8948000000,7146000000,0.22365754812563324,27.157266841417893
SHOO,2013-12-31,FY,133285000,678517000,880241000,1314223000,0.19643575621539328,-12.489753018422205
MGPI,2013-12-31,FY,-4929000,81603000,151329000,334070000,-0.06040219109591559,208.47784301289786
JBHT,2013-12-31,FY,342382000,1012452000,2819404000,4527238000,0.3381710935432001,9.54721469865472
HFBL,2013-12-31,Q2,1358000,41320000,285808000,6567000,0.1314617618586641,9.719109683909457
INO,2013-12-31,FY,-66083532,52455024,88287207,13467346,-1.2598132068341061,-20.862064599707256
SRCL,2013-12-31,FY,313084000,1750461000,3882797000,2142807000,0.17885802654272218,14.134456768317936
WTI,2013-12-31,FY,51322000,540610000,2507302000,984088000,0.0949335010451157,-53.562501072883606
CHMP,2013-10-31,FY,5714394,4337020,27530622,29653707,1.3175853466204905,-33.33333333333333
EQIX,2013-12-31,FY,96123000,2459064000,7492359000,2152766000,0.03908926323186383,29.433641378293895
DIN,2013-12-31,FY,72037000,315179000,2404642000,13112000,0.22855900932485984,23.506880517385248
MTSI,2014-01-03,Q1,-6499000,235343000,567696000,83468000,-0.11046005192421275,96.20411503057218
THRM,2013-12-31,FY,35133000,232094000,481923000,662082000,0.15137401225365585,40.171587391464854
EXPO,2014-01-03,FY,38640000,235059000,344166000,280043000,0.16438426097277706,4.7945195349677805
TRT,2013-12-31,Q2,-284000,18754000,34696000,10101000,-0.060573744267889515,-12.23880176369971
LFUS,2013-12-28,FY,88784000,686773000,1024373000,757853000,0.12927706825981802,6.629236890057231
MNRO,2013-12-28,Q3,42550000,404409000,761399000,628188000,0.4208610589774214,4.725960793001851
AMTY,2013-12-31,Q2,-367848,785325,2501122,2298125,-1.8736090153757998,-33.33333333333333
CW,2013-12-31,FY,137981000,1552705000,3458274000,2074967000,0.08886491638785217,15.36236773841291
WWD,2013-12-31,Q1,23383000,1130132000,2200173000,429042000,0.08276201364088442,9.340053200013248
SPRS,2013-11-30,FY,1244790,10242966,14709268,25290945,0.12152632352777507,9.756095610793878
PFND,2013-12-31,FY,-1705000,-4551000,155000,54000,0.3746429356185454,-94.28571460645037
STIE,2013-12-31,FY,-2719217,-7231449,341659,328600,0.376026575033579,-62.5
BLMN,2013-12-31,FY,214568000,478381000,3274174000,4089128000,0.4485295193580013,1.166183606731884
EHTH,2013-12-31,FY,1723000,133017000,166426000,179180000,0.012953231541833,-45.40761831694643
BELFB,2013-12-31,FY,15908000,228702000,308050000,349189000,0.06955776512667139,26.65415507988891
CME,2013-12-31,FY,978100000,21154800000,54277800000,2936300000,0.04623536975060034,14.51695070425069
AAOI,2013-12-31,FY,-1406000,63077000,111057000,78424000,-0.022290216719247902,-26.648900326485723
BGC,2012-12-31,FY,10000000,1331700000,4932600000,6059500000,0.007509198768491402,73.41043745075092
PARR,2013-12-31,FY,-70621000,236816000,827085000,886014000,-0.29821042497128575,-28.92376267381891
TRMB,2014-01-03,FY,218166000,2220906000,3700840000,1649965000,0.09823288333680039,-22.157940164977656
ANSS,2013-12-31,Q4,245327000,2136246000,2722382000,861260000,0.45936095374783614,-5.057335076895026
BR,2013-12-31,Q2,72000000,857500000,1939000000,1065800000,0.3358600583090379,17.535425670306104
PRPH,2013-12-31,FY,405000,12596000,17420000,25032000,0.032153064464909495,-17.391302416268616
TLCO,2013-12-31,Q1,-874745,2299056,5186575,30677,-1.5219203012018847,-67.00000067055224
STRS,2013-12-31,Q4,5894000,123621000,346943000,127710000,0.19071193405651143,-20.256856295135993
PNBK,2013-12-31,FY,-7288946,41840688,541248126,21654103,-0.1742071258484086,57.692309808449004
GVP,2013-12-31,FY,-10511000,30387000,48827000,47562000,-0.3459044986342844,3.125
IFF,2013-12-31,FY,353544000,1463072000,3331731000,2952896000,0.24164497714398198,19.73713994969285
KCLI,2013-12-31,FY,29567000,725404000,4514666000,483593000,0.040759356165667684,0.33514839083945314
CSPI,2013-12-31,Q1,346000,23250000,48878000,14749000,0.05952688172043011,-7.416568234276162
VSYS,2013-12-31,FY,-3080500,-4819841,1340371,4134886,0.63912896711738,-44.999999068677404
ELS,2013-12-31,FY,125905000,893333000,3391639000,4212000,0.140938485424808,43.16864363030308
CENX,2013-12-31,FY,-40313000,1002812000,1810196000,943262000,-0.040199957718894466,133.46080293724393
FFIV,2013-12-31,Q1,68048000,1454070000,2214839000,218601000,0.18719318877358038,46.05987873914642
IMCI,2013-12-31,FY,108500,-2665376,926942,8712617,-0.04070720228590638,-54.54545454545454
PRAA,2013-12-31,FY,176919000,869476000,1601232000,735135000,0.2034777268147712,10.71158181504075
MUR,2013-12-31,FY,1123473000,8595730000,17509484000,5312686000,0.130701290059134,-21.794075483266543
FFIC,2013-12-31,FY,37752000,432532000,4721501000,200526000,0.08728140345685406,-0.5797141778286486
BBY,2014-02-01,FY,523000000,3986000000,14013000000,42410000000,0.13120923231309584,52.57911239087105
ENS,2013-12-29,Q3,133958000,1264911000,2242342000,1809175000,0.4236124122566726,-11.603950037453789
AFAM,2013-12-31,FY,8226000,214054000,352273000,357812000,0.03842955515897858,-9.928861150691034
APD,2013-12-31,Q1,299100000,7264000000,17915200000,2545500000,0.16470264317180616,31.007334467956127
BXC,2014-01-04,FY,-40618000,-5898000,530246000,2151972000,6.886741268226517,-37.362642084367266
HCSG,2013-12-31,FY,47129000,285143000,425342000,1149890000,0.16528198132165264,11.032777822262409
COKE,2013-12-29,FY,32102000,191320000,1276156000,1641331000,0.16779218063976584,20.476194628241924
CLRO,2013-12-31,FY,5179000,70335000,81061000,49592000,0.07363332622449704,11.174452577921821
CRMZ,2013-12-31,FY,341813,4036162,12736963,11837211,0.08468763146771612,-32.85715879712634
AAPT,2013-06-30,Q2,-1599397,-2433931,3144058,113491,2.6285001505794536,-75.6097550818413
HAL,2013-12-31,FY,2135000000,13581000000,29223000000,22257000000,0.15720491863633015,-22.108376789562808
CYTK,2013-12-31,FY,-33717000,54442000,83188000,30648000,-0.6193196429227434,6.15384762103741
B,2013-12-31,FY,270527000,1141414000,2123673000,1091566000,0.23701040989509503,-2.766905077769138
ALCO,2013-12-31,FY,-203239,11116234,13954772,5783414,-0.018283080402949417,30.306156207097533
AMRN,2013-12-31,FY,-166227000,-33856000,252476000,26351000,4.909823960302457,-50.76142058259092
FLIC,2013-12-31,FY,21300000,206556000,2399892000,74851000,0.10311973508394817,-1.5395366744502241
GCBC,2013-12-31,Q2,3479000,58408000,652694000,11777000,0.23825503355704697,13.846155313345102
ANCX,2013-12-31,FY,13207000,91134000,847182000,35876000,0.1449184717010117,13.444811376932858
GSM,2013-12-31,Q2,9473000,450838000,863992000,351400000,0.0840479285242149,-4.830654237517536
OMI,2013-12-31,FY,110882000,1023913000,2324042000,9071532000,0.10829240374914666,-3.3916893651231717
NCLH,2013-12-31,FY,102886000,2608908000,6650978000,2570294000,0.039436423208484166,32.111640816635564
CHTR,2013-12-31,Q4,-169000000,151000000,17295000000,8155000000,-4.47682119205298,23.51565147255242
JTBK,2013-11-30,Q1,-4668,-15310,784,0,1.2195950359242325,-13.333339956071377
RAIL,2013-12-31,FY,-19295000,202535000,417719000,290393000,-0.09526748463228578,2.7047306185405318
MTG,2013-12-31,FY,-49848000,744538000,5601390000,1039435000,-0.06695158608425628,10.189581197970933
TKR,2013-12-31,FY,263000000,2636600000,4477900000,4341200000,0.09974967761511037,10.400294568339806
PMT,2013-12-31,FY,200190000,1467114000,4310917000,405518000,0.13645156409113401,-6.925079741464532
BDSI,2013-12-31,FY,-57393613,-812351,38005425,6799838,70.65124927525171,110.86588043854447
THS,2013-12-31,FY,86988000,1273118000,2721054000,2293927000,0.0683267379771553,26.59605675862309
BC,2013-12-31,FY,769200000,1038400000,2915800000,3887500000,0.7407550077041603,12.049498635661886
SGRP,2013-12-31,FY,4248000,15813000,34278000,111959000,0.2686397268070575,-30.80808123378483
FCCO,2013-12-31,FY,4137000,52671000,633309000,21783000,0.07854417041635815,9.80769706901026
CDE,2013-12-31,FY,-650563000,1730567000,2885978000,745994000,-0.37592476916525047,-52.81106262168137
LXRX,2013-12-31,FY,-104126000,170163000,274160000,2109000,-0.6119191598643653,-51.666666918961454
CNA,2013-12-31,FY,937000000,12651000000,57194000000,10113000000,0.07406529128132164,-8.999768396553485
ARCT,2013-12-31,FY,-20797000,1311814000,1347375000,24289000,-0.015853619491787707,-79.16666666666666
SBAC,2013-12-31,FY,-55909000,356966000,6783188000,1304866000,-0.15662275959054925,24.95548387381674
HMNF,2013-12-31,FY,26670000,85675000,648622000,22983000,0.3112926758097461,20.340592566500966
FULT,2013-12-31,Q4,161840000,2063187000,16934634000,609689000,0.31376700221550446,-4.6600504449265845
QRHC,2013-12-31,FY,-17799351,53980890,100646543,67504540,-0.329734300416314,-31.428565589748818
MGYR,2013-12-31,Q1,133000,45430000,536575000,4973000,0.011710323574730355,16.085790863794816
AAPT,2012-12-31,FY,-3006767,-4571339,883901,24701,0.6577431689052158,-75.90909148635697
ADMT,2013-12-31,Q3,-87574,99953,862043,1124742,-3.5046071653677227,1000.0000186264518
EVOL,2013-12-31,FY,3806000,32735000,43184000,15998000,0.11626699251565603,-4.106772360676893
ROBK,2013-06-30,FY,-3906346,-9147748,6683712,0,0.4270281603734602,-64.28571367750362
WTM,2013-12-31,FY,309400000,3905500000,12144300000,2317400000,0.07922161054922545,6.010810998998772
SODI,2013-11-30,Q3,789000,11578000,12598000,6432000,0.27258593884954224,3.703694110272532
IMMR,2013-12-31,FY,40155000,80671000,110575000,105000,0.49776251688958856,-10.211949980058284
CPSS,2013-12-31,FY,21005000,94602000,1396366000,255775000,0.22203547493710493,-21.29925882547344
WY,2013-12-31,FY,563000000,6795000000,14498000000,8529000000,0.0828550404709345,15.42603414305127
EWBC,2013-12-31,FY,295045000,2364225000,24730068000,1068685000,0.12479565185208684,12.410637692567482
CF,2013-12-31,FY,1532800000,5076100000,10678100000,5474700000,0.3019641063020823,17.3704011324923
LODE,2013-12-31,FY,-21347020,20243748,43999996,24826587,-1.0544993940845342,-58.285714285714285
EXAC,2013-12-31,FY,15372000,192424000,261842000,237088000,0.07988608489585498,-1.3468000494176686
FCF,2013-12-31,FY,41482000,711697000,6214861000,206358000,0.05828604026713616,5.782315720272824
DDS,2014-02-01,FY,323671000,1992197000,4050739000,6531647000,0.1624693742636898,33.28639446179202
WRIT,2013-12-31,Q3,1082939,-95232,486983,0,-45.48634912634409,-95.0
SPDC,2013-12-31,Q3,-7637000,69809000,290682000,316099000,-0.4375940065034594,-30.835118494542407
IT,2013-12-31,FY,182801000,361316000,1783582000,314257000,0.505931096325654,19.648132983616076
FELE,2013-12-28,FY,82698000,595707000,1051873000,965462000,0.1388232805724962,-16.622632191611697
EDGW,2013-12-31,FY,34708000,68586000,86067000,103556000,0.5060507975388563,7.8683863911898495
AIG,2013-12-31,FY,9092000000,100470000000,541329000000,68678000000,0.09049467502737135,10.695395036380106
SON,2013-12-31,FY,220395000,1710737000,3979291000,4848092000,0.1288304397461445,6.615527902150641
LTRE,2014-01-03,Q1,729000,16453000,66766000,32022000,0.17723211572357625,-43.68590194355467
GVA,2013-12-31,FY,-44766000,781940000,1617155000,1251197000,-0.0572499168734174,10.348767808055074
MLCG,2013-12-31,FY,-830396,-82828,1444,2250,10.025546916501666,-99.00000005566406
SUP,2013-12-31,FY,22824000,483063000,653388000,789564000,0.0472484955378491,-4.120206052831987
ABAX,2013-12-31,Q3,10447000,186614000,210881000,129830000,0.22392746524912385,44.78156253855264
PNW,2013-12-31,FY,439966000,4308884000,13381377000,3454628000,0.10210671719173689,31.1413528479758
NBTB,2013-12-31,FY,61747000,816569000,7652175000,268723000,0.07561761467800027,2.7799275340065903
HBCP,2013-12-31,FY,7293922,141909529,984240958,43720509,0.05139839481815207,22.75861496743493
ICFI,2013-12-31,FY,39330000,474091000,700914000,949303000,0.08295875686313386,19.302797290872487
TYL,2013-12-31,FY,39101000,246319000,444488000,416643000,0.15874130700433178,8.968964954909776
CIEN,2014-01-31,Q1,-15936000,-86861000,1800615000,432941000,0.7338621475691046,-20.617228811281954
JOE,2013-12-31,FY,4966000,558354000,669472000,131256000,0.008893999147494242,-2.709746968692349
HY,2013-12-31,FY,110200000,449800000,1161300000,2666300000,0.2449977767896843,-21.586517625407552
WWW,2013-12-28,FY,100400000,837600000,2622200000,2691100000,0.11986628462273162,-11.747347473759602
EGLE,2013-12-31,FY,-70521383,531194864,1723414301,202439528,-0.13275991124793707,-82.52061810384596
GOOG,2013-12-31,FY,12920000000,87309000000,110920000000,59825000000,0.1479801624116643,-5.247491615028471
ADM,2013-12-31,FY,1354000000,20194000000,43752000000,89804000000,0.06704961869862336,21.866353756026385
TCBI,2013-12-31,FY,113657000,1096350000,11714691000,444625000,0.10366853650750217,-11.591638257291761
TMO,2013-12-31,FY,35000000,14245000000,49953000000,19068000000,0.002457002457002457,13.704537355496285
STAA,2014-01-03,FY,398000,38852000,61931000,72215000,0.01024400288273448,-43.91304646573638
XDSL,2013-12-31,Q2,-717798,-4931280,256069,53653,0.582240716406288,-62.5
SAIA,2013-12-31,FY,43627000,304792000,616801000,1139094000,0.14313695897530118,73.88455809319882
ACNB,2013-12-31,FY,9315000,106802000,1046047000,37601000,0.08721746783768095,20.874864724515376
PFMT,2013-12-31,FY,36339000,74234000,257260000,255302000,0.48951962712503705,-34.85436976804326
BLDR,2013-12-31,FY,-42691000,15368000,515839000,1489892000,-2.777915148360229,-3.9270716032843316
PRU,2013-12-31,FY,-667000000,35881000000,731781000000,41461000000,-0.01858922549538753,-0.6939919552991283
RELL,2013-11-30,Q2,524000,179539000,206696000,35436000,0.011674343735901392,-8.166974000173772
GLW,2013-12-31,FY,1961000000,21162000000,28478000000,7819000000,0.092666099612513,30.13468536025342
THST,2013-12-31,Q2,-28000,7721000,34879000,11382000,-0.014505893019038985,-5.275779966070235
THFF,2013-12-31,FY,31534000,386195000,3018718000,116221000,0.08165305091987209,-1.9146628464047053
NGS,2013-12-31,FY,14390000,192737000,256589000,19479000,0.07466132605571323,-16.140728708191567
SXI,2013-12-31,Q2,19599000,314310000,519916000,355816000,0.24942254462155197,24.31615273712714
PSMT,2013-11-30,Q1,21432000,505060000,880562000,605601000,0.1697382489209203,-21.368906816821767
SVU,2013-11-30,Q3,156000000,-983000000,4711000000,13202000000,-0.6347914547304171,43.77880168901267
AA,2013-12-31,FY,-2285000000,10593000000,35742000000,23032000000,-0.21570848673652412,49.10630729248142
CFR,2013-12-31,FY,237866000,2514161000,24312939000,642500000,0.09461048834979144,-4.4605665473755876
MSFG,2013-12-31,FY,26345000,305526000,2859864000,101279000,0.08622834063222115,13.754849960007038
IBM,2013-12-31,FY,16483000000,22792000000,126223000000,57655000000,0.7231923481923482,-14.67185659355228
APO,2013-12-31,FY,2373994000,2637269000,22477981000,3733571000,0.9001713515003589,-25.213543393900252
EFSC,2013-12-31,Q4,33104000,279705000,3170197000,153289000,0.4734130601884128,-1.4691441524959787
LL,2013-12-31,FY,77395000,309329000,429559000,1000240000,0.2502028584452153,-36.505003189233754
CCRN,2013-12-31,FY,-51969323,160666580,248244566,438310716,-0.3234606910783811,28.8577179012131
MRK,2013-12-31,FY,4404000000,49765000000,105645000000,44033000000,0.08849593087511304,15.184813110109232
PBPB,2013-12-29,FY,1290000,153045000,186080000,298574000,0.008428893462707046,-49.64948437877537
GSBC,2013-12-31,FY,33729000,380698000,3560250000,178795000,0.08859778617171617,28.707660592044533
SSNC,2013-12-31,FY,117895000,1231708000,2275324000,712702000,0.0957166796026331,32.96430344754356
MOH,2013-12-31,FY,52929000,892937000,3002937000,6890000,0.0592751784280414,53.6402860133768
LRN,2013-12-31,Q2,-9348000,530686000,748887000,452285000,-0.07045974455704503,-45.51723962542654
SOR,2013-12-31,FY,-993132,373347793,675539446,69267549,-0.002660071972087431,7.093893061810263
WEYS,2013-12-31,FY,18249000,190166000,267533000,300284000,0.0959635266030731,1.3591560121728117
SEIC,2013-12-31,FY,288474000,1156002000,1439169000,1126132000,0.2495445509609845,16.556291608951017
CSV,2013-12-31,FY,19296000,155973000,746599000,213957000,0.1237137196822527,7.526877939946354
OKE,2013-12-31,FY,576961000,2337851000,17707558000,14602717000,0.2467911770253964,-8.227223341640503
WBS,2013-12-31,FY,179549000,2209188000,20852999000,687640000,0.0812737530712642,5.740862405412515
SONC,2013-11-30,Q1,8208000,85323000,656581000,93499000,0.3847965964628529,37.9502881635222
RGEN,2013-12-31,FY,16093155,103886102,118644904,47482382,0.15491152993689183,42.74192685695732
CMC,2014-02-28,Q2,57063000,1335830000,3544477000,3331989000,0.17086904770816647,-22.222222769838815
NMIH,2013-12-31,FY,-55184000,463217000,481219000,5560000,-0.11913206985063156,-28.515312578942208
TBEV,2013-10-31,Q1,-1492514,-882706,84473,373,6.763357221996905,-96.79487187324739
XRM,2013-12-31,FY,4153000,-11449000,624064000,546892000,-0.3627391038518648,-3.5779269907648006
UVFT,2013-09-30,FY,-946660,-23005,286229,213797,41.150184742447294,-18.75000218278718
PRIM,2013-12-31,FY,74680000,398448000,1050693000,1944220000,0.1874272176043047,-24.413744551909385
AFG,2013-12-31,FY,453000000,4599000000,42087000000,5092000000,0.09849967384213959,6.358278051506606
SYK,2013-12-31,FY,1006000000,9047000000,15743000000,9021000000,0.11119708190560407,27.175936032491432
WTER,2013-12-31,Q3,-3066156,178588,782901,333404,-68.67552131162228,-68.44106463878326
CPF,2013-12-31,FY,172075000,660113000,4741198000,140278000,0.26067506623865916,7.61952536085032
ASTE,2013-12-31,FY,39214000,576876000,749291000,932998000,0.06797648021411881,3.675894718308364
CDNS,2013-12-28,FY,164243000,1156105000,2428601000,1460116000,0.14206581582122732,37.88421180213909
ESMC,2013-12-31,Q2,-95309,3737932,7470302,6208568,-0.10199115446722948,-25.88832401302274
IMAX,2013-12-31,FY,44115000,319585000,481145000,78663000,0.13803839354162428,5.495253949758055
TZOO,2013-12-31,FY,-5011000,31335000,114802000,158234000,-0.15991702569012287,-40.19699726780356
PDEX,2013-12-31,Q2,-126000,8047000,10389000,5194000,-0.06263203678389462,-1.2345666899427294
TCBK,2013-12-31,FY,27399000,250946000,2744066000,106560000,0.10918285208770014,-12.231234113692363
LMAT,2013-12-31,FY,3202000,56562000,70492000,64549000,0.05661044517520597,-7.365794453544633
NOC,2013-12-31,FY,1952000000,10620000000,26381000000,14033000000,0.18380414312617702,31.541744790130743
VVC,2013-12-31,FY,136600000,1554300000,5102600000,2491200000,0.08788522164318342,-60.0000014901161
HSIC,2013-12-28,FY,471462000,2785197000,5624636000,9560647000,0.16927420214799888,19.991258013487638
SOHU,2013-12-31,FY,166949000,1326705000,2998715000,1400274000,0.12583731877094004,-29.055256462415162
SPB,2013-12-29,Q1,54429000,919087000,5649808000,1100600000,0.23688290662363845,20.288629632994855
CGNX,2013-12-31,FY,73573000,643912000,709699000,326786000,0.11425940190585049,9.821896202268077
PKOH,2013-12-31,FY,43900000,159000000,818700000,1203200000,0.2761006289308176,22.767175491939415
SCSC,2013-12-31,Q2,37735000,751446000,1238302000,1472522000,0.20086606356278427,-4.8786228610319196
MHO,2013-12-31,FY,151423000,492803000,1110176000,1036782000,0.3072688275030793,-10.687627265866405
BGC,2012-03-30,Q1,26300000,1398100000,4515600000,1449500000,0.07524497532365353,-43.85965000057037
HNDI,2013-11-30,Q2,-1600351,1549703,2728997,0,-4.130729565600634,-60.465110046428386
BXMT,2013-12-31,FY,25424000,717909000,2212780000,53164000,0.035413959150811594,7.3719132394675935
REGN,2013-12-31,FY,424362000,1952076000,2951013000,1425839000,0.21739010161489614,48.357800765134826
SFST,2013-12-31,FY,5120000,65665000,890831000,36118000,0.07797152211985076,30.271081211761015
MAT,2013-12-31,FY,903944000,3251559000,6439626000,6484892000,0.2780032593595872,-35.41404295999972
CPHI,2013-12-31,FY,-20008049,132944441,157610954,32806678,-0.15049932776053418,-8.571428571428571
MPAA,2013-12-31,Q3,104292000,105433000,297340000,181987000,3.9567118454373866,54.24871313258011
CVI,2013-12-31,FY,522000000,1188600000,3665800000,8985800000,0.4391721352852095,-9.924018749724416
SBGI,2013-12-31,FY,75817000,396370000,4147472000,1363131000,0.1912783510356485,-22.110270696174254
LKFN,2013-12-31,FY,38839000,321875000,3175764000,107736000,0.12066485436893204,11.615386376014122
ATOS,2013-12-31,FY,-10784708,10601651,12009047,632558,-1.0172668389102792,-44.39655326760605
ARTH,2013-12-31,Q1,-808441,-489862,995411,0,6.601377530814801,-41.53846153846154
EKCS,2013-12-31,Q2,-435182,986899,4369990,233007,-1.7638360156409116,-69.56521651103726
CASY,2014-01-31,Q3,111698000,701753000,2226202000,5920689000,0.6366798574427185,32.9547189256319
PPG,2013-12-31,FY,3353000000,4932000000,15863000000,15108000000,0.679845904298459,22.144890429732094
VNRX,2013-12-31,FY,-3710289,680674,2070759,0,-5.450904544613134,53.225803350434745
AWX,2013-12-31,FY,438000,40420000,55579000,59470000,0.010836219693221178,-47.49999770751358
MATR,2013-12-31,FY,-11172000,3956000,30749000,34211000,-2.8240647118301316,31.524013380110492
SBCF,2013-12-31,FY,51989000,198604000,2268940000,70763000,0.2617721697448188,14.918038335675698
KBR,2013-12-31,FY,327000000,2617000000,5516000000,7283000000,0.12495223538402751,-45.907807055024946
CREG,2013-12-31,FY,15815806,154676411,283950949,62013135,0.10225092435070787,-78.77906976744185
AKVA,2013-12-31,Q1,-647820,-9801057,4587564,233518,0.26438781041677445,-72.4999995343387
MTN,2014-01-31,Q2,-14237000,800067000,2341974000,576111000,-0.07117903875550423,28.774761806725667
CCO,2013-12-31,FY,-24326000,160108000,6759392000,2946190000,-0.15193494391285883,3.8461476966838
MTRN,2013-09-27,Q3,15932000,432393000,801113000,880744000,0.14738443961858771,-3.0943635041921933
FNRN,2013-12-31,FY,5384000,84908000,897669000,28859000,0.0634098082630612,12.87082836637837
SIRI,2013-12-31,FY,377215000,2745742000,8844780000,3799095000,0.13738180790474852,0.5730653544946104
AWK,2013-12-31,FY,369264000,4727804000,15069533000,2901858000,0.07810476068804882,28.442974290510058
WFC,2013-12-31,FY,21878000000,170142000000,1527015000000,47089000000,0.12858670992465118,22.070476445589563
AMNB,2013-12-31,FY,15747000,167551000,1307512000,52956000,0.0939833244803075,-5.6380934942336305
HR,2013-12-31,FY,6983000,1243477000,2729662000,336926000,0.005615704994945624,30.502112449079565
DAN,2013-12-31,FY,260000000,1309000000,5129000000,6769000000,0.19862490450725745,11.51884926026082
DIGP,2013-12-31,Q1,-32563,-579486,219494,54942,0.22477160794221085,-95.99999994039536
ANGI,2013-12-31,FY,-32989000,-18490000,105643000,245642000,1.7841535965386695,-58.48184739120653
OCN,2013-12-31,FY,294149000,1796322000,7873770000,2038273000,0.16375070839192526,-73.45356140044991
FL,2014-02-01,FY,429000000,2496000000,3487000000,6505000000,0.171875,44.895186180181454
TECH,2013-12-31,Q2,52483000,748528000,802165000,169685000,0.2804597823995896,-1.3414985398013923
CPIX,2013-12-31,FY,-2151418,79468481,87613738,31100698,-0.02707259498265734,16.438349389494483
OSK,2013-12-31,Q1,54900000,2032800000,4469700000,1530200000,0.10802833530106257,-2.580387474194194
GIGA,2013-12-28,Q3,-2476000,2044000,7162000,10404000,-4.845401174168297,58.76288659793815
HI,2013-12-31,Q1,21600000,596300000,2003900000,384900000,0.1448935099781989,17.74302957110005
SPGZ,2013-12-31,Q2,-3446000,75348000,348641000,3044316000,-0.18293783511174816,-77.117903930131
SHEN,2013-12-31,FY,29586000,234315000,597006000,308942000,0.1262659240765636,23.412544647524278
MRC,2013-12-31,FY,152095000,1338268000,3335682000,5230792000,0.11365062902198962,-52.26286292689936
LVS,2013-12-31,FY,2954676000,7665494000,22724264000,13769885000,0.38545147905666616,-25.83999031114328
PGR,2013-12-31,FY,1165400000,6189500000,24408200000,422000000,0.18828661442765976,-0.18335586200895915
UIS,2013-12-31,FY,120100000,-700500000,2510000000,2996100000,-0.17144896502498216,-11.677092975661619
STWD,2013-12-31,FY,310095000,2215689000,5714187000,658386000,0.13995420837491182,4.2753011115514745
FMNB,2013-12-31,FY,7780000,113007000,1137326000,40959000,0.06884529276947446,26.870231719556276
AMCX,2013-12-31,FY,290160000,-571519000,2636689000,1591858000,-0.5076996565293542,-5.153431368046425
BGC,2011-12-31,FY,55700000,1325400000,4375900000,5808200000,0.042025049041798705,-44.48104552105615
WABC,2013-12-31,FY,67177000,542934000,4847055000,154396000,0.12372958775836473,-12.008499626705584
AMZN,2013-12-31,FY,274000000,9746000000,40159000000,60903000000,0.02811409809152473,-22.189625045472848
MCO,2013-12-31,FY,804500000,337000000,4395100000,2972500000,2.387240356083086,23.25729542002991
ACU,2013-12-31,FY,4002905,35005245,68078979,89576777,0.11435157788497123,30.53692121408248
KFY,2014-01-31,Q3,51480000,722579000,1152833000,708589000,0.284979220265189,21.483380699972585
THO,2014-01-31,Q2,57300000,877416000,1248597000,1435293000,0.2612215870237151,9.69437345879581
ALL,2013-12-31,FY,2280000000,21480000000,123520000000,34507000000,0.10614525139664804,30.0696759269945
LTRX,2013-12-31,Q2,-590000,19921000,29513000,21851000,-0.11846794839616485,21.794874733956952
SOTK,2013-11-30,Q3,350424,6357028,10078153,7561998,0.2204954894016512,16.666664459087173
OCTX,2013-12-31,Q2,-5354750,61291554,61415563,0,-0.3494608735161128,-90.10989000706498
AAP,2013-12-28,FY,391758000,1516205000,5564774000,6493814000,0.25838062794938677,45.94545654338382
HDSN,2013-12-31,FY,-5842000,28086000,52368000,58634000,-0.20800398775190487,-2.1621665160441204
FHN,2013-12-31,FY,41067000,2205320000,23789833000,732053000,0.018621787314312663,18.283263383571096
HOG,2013-12-31,FY,733993000,3009486000,9405040000,5258290000,0.24389314321448913,-4.202767363511901
IDA,2013-12-31,FY,182294000,1850650000,5364563000,1246214000,0.09850268824467079,30.74845405052193
JOB,2013-09-30,FY,-1890000,2613000,11232000,39187000,-0.7233065442020666,-30.43478012986349
ARCT,2013-12-31,FY,-22172000,1432125000,1734573000,125353000,-0.015481888801606005,-79.16666666666666
NICK,2013-12-31,Q3,13843813,138814925,276086152,17322,0.3989142521958644,-5.336722775112324
NTRS,2013-12-31,FY,731300000,7912000000,102947300000,1155500000,0.09242922143579373,10.001619813299875
VLGEA,2014-01-25,Q2,-4012000,236497000,444951000,749287000,-0.0678570975530345,3.9971671116696945
HMLA,2014-01-31,Q2,28778,-354806,1031058,59916,-0.3244364525966303,476.4705933914052
MLSS,2013-12-31,FY,1464930,5519846,8055346,10011420,0.26539327365292437,40.000002804924385
MET,2013-12-31,FY,3368000000,61553000000,885296000000,68199000000,0.05471707309148214,1.8175063790570865
AGI,2013-12-31,FY,-89200000,-1238100000,1384500000,1334700000,0.0720458767466279,-41.63231775012742
CWCO,2013-12-31,FY,9148489,138899115,165364854,843413,0.06586427134542938,-24.255319033810256
CVR,2013-12-31,FY,2479029,24871102,28157346,37117830,0.09967507672157028,-11.613882689606555
FFBC,2013-12-31,Q4,48349000,682161000,6417213000,245208000,0.2835049203926932,7.802642493056726
CAC,2013-12-31,FY,22783000,231096000,2603829000,88217000,0.0985867345172569,-4.756211305416934
G,2013-12-31,FY,235051000,1322739000,2689367000,2131997000,0.17770021145516993,4.572663074926195
MDAV,2013-12-31,Q1,-184255,384325,778466,3658,-1.9176998633968647,-89.36170194215394
LNN,2014-02-28,Q2,23684000,394694000,530619000,300475000,0.2400239172624869,3.2052806989625786
SUI,2013-12-31,Q4,20148000,380507000,1999236000,415222000,0.21180162257198948,44.65291085381586
PRKA,2013-12-29,Q1,-227970,2750510,6768733,526452,-0.3315312432966977,50.0
SNCR,2013-12-31,FY,23351000,447639000,527019000,349047000,0.052164802441252885,36.49822829326384
KFRC,2013-12-31,FY,10787000,157233000,347768000,1151887000,0.06860519102224087,19.403721399557675
FIVE,2014-02-01,FY,32142000,116873000,232054000,535402000,0.27501647087008974,-5.76923325880865
RCL,2013-12-31,FY,473692000,8808265000,20072947000,7959894000,0.05377812770165294,74.04049339112925
CZWI,2013-12-31,Q1,303000,54115000,552204000,6083000,0.022396747667005452,22.267214658322036
LHO,2013-12-31,FY,90255000,2103391000,3581038000,977293000,0.04290928315277569,33.927417412918345
QNTO,2013-12-31,FY,702000,16986000,127427000,6290000,0.04132815259625574,17.283945093793278
BLFS,2013-12-31,FY,-1084160,-13271521,3353342,8340234,0.08169071201409393,-79.76190327516753
PNR,2013-12-31,FY,542600000,6095300000,11743300000,7479700000,0.08901940839663347,-13.570230946944708
FINL,2013-11-30,Q3,32298000,544676000,773570000,1151538000,0.23719054997833575,9.642720563467263
FCBC,2013-12-31,FY,23312000,328606000,2602514000,109476000,0.07094210087460363,-1.1377276968709205
FOSL,2013-12-28,FY,388048000,1068677000,2230414000,3259971000,0.3631106498970222,-8.221113166051516
OCFC,2013-12-31,FY,16330000,214350000,2249711000,80157000,0.0761838115232097,1.0507899240768317
MERC,2013-12-31,FY,-25768000,359078000,1548559000,996187000,-0.07176156712469157,26.880634701328248
IPG,2013-12-31,FY,288900000,2215200000,12905000000,7122300000,0.13041711809317444,17.45762722823031
GSIT,2013-12-31,Q3,-789000,133460000,144734000,45732000,-0.023647534841900193,-24.397589128514728
SYEV,2013-11-30,Q3,480503,4581599,5339408,3860657,0.4195068141057303,-59.48275755758657
GPS,2014-02-01,FY,1280000000,3062000000,7849000000,16148000000,0.41802743305029394,10.577177521366401
LPTC,2013-12-31,FY,-513084,-2068822,1452170,0,0.24800780347463436,334.78261432936154
TAIT,2013-12-31,FY,-965000,16877000,19233000,6268000,-0.057178408484920305,-1.9047601747403906
WM,2013-12-31,FY,130000000,5707000000,22603000000,12566000000,0.022779043280182234,14.95431927546085
KRO,2013-12-31,FY,-102000000,935100000,1619100000,1732400000,-0.10907924286172602,-31.286085685913633
MDRX,2013-12-31,FY,-104026000,1318145000,2619663000,113573000,-0.078918480136859,-16.817596216392776
IVDN,2014-01-31,Q1,34694,-236129,896625,373752,-0.5877126485946241,349.999990065893
GYRO,2013-12-31,FY,46055205,9365095,50981788,5029969,4.917750967822537,-68.13532804474053
BDX,2013-12-31,Q1,271000000,5078000000,12035000000,2015000000,0.2134698700275699,26.644948567201375
PLUG,2013-12-31,FY,-62790800,-17872150,35355621,18446082,3.5133321956227985,101.29032138979271
CVU,2013-12-31,FY,7736894,88951519,124272594,82988522,0.0869787732348899,-30.851066190767963
CENT,2013-12-28,Q1,-12812000,457894000,1155968000,290521000,-0.11192109964314885,30.14706698812926
PEGA,2013-12-31,FY,38043000,271788000,533662000,508954000,0.1399730672435869,-14.721434797764424
BBGI,2013-12-31,FY,11546263,93626094,264208889,104905720,0.12332313040849488,-38.60251529702423
NGHT,2013-12-31,FY,2992781,-2400443,790598,5653776,-1.2467619518563866,-39.99999813735481
APH,2013-12-31,FY,638749000,2859509000,6168028000,4614669000,0.2233771602047764,22.179859510663057
VZ,2013-12-31,FY,23547000000,95416000000,274098000000,120550000000,0.24678251027081413,-3.683348760836644
VNTH,2013-12-31,Q2,-334604,397500,400000,0,-3.36708427672956,-29.219603199655225
HSON,2013-12-31,FY,-30395000,74385000,158829000,660128000,-0.4086173287625193,-23.383087929054984
CHD,2013-12-31,FY,394400000,2299900000,4259700000,3194300000,0.17148571677029437,20.156911370560664
BYFC,2013-12-31,FY,-301000,25590000,332481000,15966000,-0.011762407190308714,40.86020781768106
ENPH,2013-12-31,FY,-25913000,40206000,116669000,232846000,-0.644505795154952,122.23974469206549
ENTG,2013-12-31,FY,74526000,756843000,875294000,693459000,0.09846956370079396,15.012940019070195
MSN,2013-12-31,Q3,376000,74357000,80598000,59182000,0.020226743951477333,-45.26315921561541
HMST,2013-12-31,FY,23809000,265926000,3066054000,88976000,0.08953242631408738,-13.549995422363281
VIDE,2013-11-30,Q3,648000,29728000,35178000,17154000,0.08719052744886975,-20.0
HBIO,2013-12-31,FY,-1830000,94485000,135460000,105171000,-0.019368153675186538,11.914903028565387
SWSH,2013-12-31,FY,-153048000,127186000,161717000,189480000,-1.2033399902504993,-66.54347213521585
FRBK,2013-12-31,FY,-3480000,62899000,961665000,37205000,-0.05532679374870825,26.510065664316564
NEU,2013-12-31,FY,264742000,572448000,1327274000,2280355000,0.4624734473698921,21.3437104973621
ORA,2013-12-31,FY,42031000,732740000,2159433000,533239000,0.05736141059584573,1.0290360017148614
ROP,2013-12-31,FY,538293000,4213050000,8184981000,3238128000,0.12776800655107345,14.154893221479552
SFDL,2013-12-31,FY,3791162,77990080,849248059,30447367,0.0486108233252229,48.93617021276596
BYBK,2013-12-31,FY,3241134,54554268,419089303,19019543,0.05941119033986488,-10.772361820928653
OMEX,2013-12-31,FY,-14861309,17326829,51460607,23670264,-0.8577050653642395,-54.95049430938911
NLST,2013-12-28,FY,-10766000,7013000,17675000,23048000,-1.5351490089833166,-1.3888957875743526
FIX,2013-12-31,FY,28556000,295834000,601822000,1357272000,0.09652710641778836,-10.778753060217525
TVER,2013-04-30,FY,-163340,-179820,6391,0,0.9083527972416862,-14.285716566504256
FSLR,2013-12-31,FY,353038000,4503117000,6883502000,3308989000,0.07839858480248237,-18.521228120295337
PEBO,2013-12-31,FY,17574000,221553000,2059108000,67071000,0.0793218778351004,16.525985231139558
DYNT,2013-12-31,Q2,-63689,6180908,15135334,14202215,-0.04121659794968636,-9.63855421686747
SMSI,2013-12-31,FY,-27953000,18171000,31538000,42675000,-1.5383303065323868,-39.18919158382427
NL,2013-12-31,FY,-54543000,355380000,685825000,92045000,-0.15347796724632787,-21.01968083472944
FUNC,2013-12-31,FY,6446000,101340000,1333503000,49914000,0.06360765739096112,12.12516683083459
KAMN,2013-12-31,FY,57100000,511292000,1140631000,1681806000,0.11167786705053082,1.434683366201052
BPOP,2013-12-31,FY,599327000,4626150000,35749333000,1748456000,0.12955200328566951,18.029935216534195
CRS,2013-12-31,Q2,64100000,1376700000,2895400000,1002100000,0.18624246386286047,-20.787781586137612
NAUH,2013-11-30,Q2,997000,50543000,89588000,64111000,0.07890311220149179,-15.74585500725135
SEM,2013-12-31,FY,116580000,786234000,2817622000,350000,0.1482764673112585,26.528854563183884
MDEX,2013-12-31,FY,-40368,-178472,9941,0,0.22618674077726478,202.99999858438974
MDXG,2013-12-31,FY,-4111853,73568070,84693893,59180734,-0.055891815566182446,26.88787692232486
NFLX,2013-12-31,FY,112403000,1333561000,5412563000,4374562000,0.0842878578482724,-6.7740472978319515
YUM,2013-12-28,FY,1064000000,2166000000,8695000000,11184000000,0.49122807017543857,-2.3758686300902707
ANF,2014-02-01,FY,54628000,1729493000,2850997000,4116897000,0.03158613535874386,-24.160477561532254
NPWZ,2013-09-30,FY,-2385899,-1345942,142803,149179,1.7726610804923244,100.0
BDC,2013-12-31,FY,103313000,836541000,2751753000,2069193000,0.12350022294185223,13.910579810184554
MHK,2013-12-31,FY,349291000,4461057000,8494177000,7348754000,0.07829781148279433,4.5265317457633545
CHBH,2013-12-31,FY,4447000,85048000,817860000,21456000,0.052288119650079956,2.7153293581774633
IVAC,2013-12-31,FY,-15696000,129571000,148276000,55188000,-0.12113821765672875,7.537011517061626
AMG,2013-12-31,FY,669600000,2134200000,6318800000,2188800000,0.31374754006184985,-1.6368512411625946
UTMD,2013-12-31,FY,11406000,60581000,80711000,40493000,0.18827685247849987,4.28621548194489
WDFC,2013-11-30,Q1,11482000,186602000,325610000,95541000,0.2461281229568815,2.907372027863231
UCC,2013-12-31,FY,748000000,3709000000,6549000000,161000000,0.20167160959827446,28.613920262070803
IWSY,2013-12-31,FY,-9849000,3331000,7546000,2686000,-2.956769738817172,19.170985224039043
SCKT,2013-12-31,FY,-620493,133376,8102035,15661305,-4.652208793186181,207.89472941216331
