Symbol,EndDate,Quarter,NetIncome,StockholdersEquity,TotalAssets,NetSales,ROE,Percent_Growth
ICUI,2017-09-30,Q3,18939000,1141835000,1522974000,921544000,0.06634583805891395,50.39893617021277
NSYS,2017-09-30,Q3,13052,22333603,57524178,86762131,0.002337643415619056,21.66172236983265
OCUL,2017-09-30,Q3,-50284000,35922000,64399000,1436000,-5.599242803852793,9.20634771660857
QCP,2017-09-30,Q3,-382776000,2657623000,4464183000,247940000,-0.5761178316111804,32.94871323050687
AMPH,2017-09-30,Q3,3040000,330655000,437766000,179773000,0.03677549107075351,2.9427459676007914
PLUS,2017-09-30,Q2,30644000,376062000,738996000,738002000,0.3259462535432987,-1.8528322462085258
JRVR,2017-09-30,Q3,43342000,720969000,2721652000,599662000,0.24046526272280777,1.8642418175245405
IHRC,2017-09-30,Q3,665370,59151501,580001986,48175474,0.04499429355140117,140.14436119018976
BL,2017-09-30,Q3,-32216000,295789000,422123000,126798000,-0.43566190764362434,65.50411192402625
AEY,2017-09-30,FY,-98116,41698183,54847605,48713746,-0.002353004206442281,-3.4246574447669085
ODC,2017-07-31,FY,10792000,126037000,212575000,262307000,0.08562564961082857,3.38490737553628
XOXO,2017-09-30,Q3,5094000,170841000,201970000,118223000,0.11926879379071768,69.85222087736913
HBCP,2017-09-30,Q3,13581550,192624926,1587361632,52427766,0.28203099737985105,3.376124875371595
MRAM,2017-09-30,Q3,-16719000,14105000,34530000,22405000,-4.741297412265154,-50.48356083169253
BKSC,2017-09-30,Q3,4053126,43709468,431474309,11841738,0.37091515275363224,16.060283476807783
ANDE,2017-09-30,Q3,-27135000,741761000,1964160000,2682273000,-0.14632745587864554,8.658008276736732
MSFT,2017-09-30,Q1,6576000000,89647000000,249097000000,14298000000,0.2934175153658237,53.29044606751293
PII,2017-09-30,Q3,141018000,895964000,3133066000,3997428000,0.6295699380778692,-4.853912912293817
EXAC,2017-09-30,Q3,12277000,250302000,307205000,198213000,0.19619499644429528,45.066270672259755
DMRC,2017-09-30,Q3,-17401000,77384000,82161000,9935000,-0.8994624211723353,-8.972499399640613
TGEN,2017-09-30,Q3,-176611,32855526,56631915,8349159,-0.021501527627346462,-0.316455385811424
VVV,2017-09-30,FY,304000000,-117000000,1915000000,2084000000,-2.5982905982905984,-9.240508285055418
ILMN,2017-10-01,Q3,621000000,2855000000,5046000000,1631000000,0.8700525394045534,81.50620843266361
SACH,2017-09-30,Q3,3171315,39155454,56875005,4745973,0.3239717256247367,-11.652536829358057
IRTC,2017-09-30,Q3,-18271000,85389000,133655000,70327000,-0.855894787384792,83.20109738072703
INGN,2017-09-30,Q3,21608000,221286000,269841000,167141000,0.3905895537901178,158.49215248448107
AZZ,2017-08-31,Q2,21569000,545313000,1011401000,398958000,0.15821372312781834,10.122692829820354
PATK,2017-09-24,Q3,56672000,340776000,726261000,1160083000,0.6652111651055239,14.596270576707576
CVS,2017-09-30,Q3,3336000000,34863000000,92853000000,136380000000,0.38275535668186905,-2.5380655039797633
ECEZ,2017-08-31,Q1,-902548,-2409127,49256,17278,1.4985478142082174,-99.4476922728421
IBIO,2017-09-30,Q1,-3827000,6293000,33433000,122000,-2.432544096615287,-73.4375
HGV,2017-09-30,Q3,143742500,333000000,2348000000,109000000,1.7266366366366366,-15.904476725501135
RHE,2017-09-30,Q3,-1698000,17171000,107199000,18784000,-0.39555063770310406,-79.20673144659801
AMCX,2017-09-30,Q3,341092000,54373000,4890764000,2078757000,25.092748239015688,13.208187824761916
PBI,2017-09-30,Q3,171392000,100833000,6781407000,250582000,6.799043963781698,-49.64438326880883
OSK,2017-09-30,FY,285600000,2307400000,5098900000,6829600000,0.12377567825257867,-15.261094180596944
TTGT,2017-09-30,Q3,3406000,118323000,169694000,78253000,0.11514244905893191,61.83333396911621
HST,2017-09-30,Q3,478000000,7079000000,11771000000,4043000000,0.27009464613645995,14.487249224538088
FBIO,2017-09-30,Q3,-73818000,36944000,245091000,142265000,-7.992420961455175,-65.59139784946237
VNCE,2017-10-28,Q3,-15915000,61000,252723000,197934000,-1043.6065573770493,280.9523737439582
FSTJ,2017-06-30,FY,-32074,-125630,6928,0,0.25530526148213006,-66.66666749450893
NVEC,2017-09-30,Q2,6458650,89564800,90395335,13269753,0.28844590732073316,31.69153637309029
SUWN,2017-10-31,Q2,-3039150,10210076,27395965,8500113,-1.1906473565916649,-59.800001832842796
CHE,2017-09-30,Q3,43625000,477702000,895459000,1238367000,0.3652904949110533,57.04176244337377
RYN,2017-09-30,Q3,94659000,1558555000,2911719000,559178000,0.2429404159622214,16.425620893190846
SGBI,2017-09-30,Q1,-64151,-290004,87847,16636,0.8848291747700032,-25.0
UDN,2017-09-30,Q3,3333385,49052077,49086251,231245,0.27182416760864175,-2.844240052444769
BHB,2017-09-30,Q3,19386000,353459000,3475732000,85913000,0.21938612399175011,-8.03714462271202
PTN,2017-09-30,Q1,10603630,5975678,50538202,26941508,7.0978590211855455,47.05882352941176
TBTC,2017-09-30,Q3,312666,3077091,7644714,5147103,0.40644361833952913,21.951222348823137
RKDA,2017-09-30,Q3,-12747000,10667000,18978000,482000,-4.779975625761695,-32.27146316788114
AMG,2017-09-30,Q3,614900000,3627500000,8701400000,1700900000,0.6780427291523088,-29.013501096557075
SYRS,2017-09-30,Q3,-38708000,78592000,88677000,1101000,-1.9700732899022801,-24.952740539141967
ARAO,2016-06-30,Q1,-491586,-1685867,1222211,0,1.1663695890601098,-46.66666997803569
OMEX,2017-09-30,Q3,-8770649,-35832827,3140351,11854,0.9790630250859079,97.08029485010084
CPIX,2017-09-30,Q3,-7228011,65095333,90351057,29500843,-0.44414926028567975,-19.121811835328
RSSS,2017-09-30,Q1,-772965,3809277,10255844,6747840,-0.8116658358003369,108.69566479342221
EAT,2017-09-27,Q1,9877000,-539028000,1368625000,716942000,-0.07329489377175212,43.25482960648636
TPB,2017-09-30,Q3,16134000,49701000,287364000,212214000,1.2984849399408462,141.4676697743008
UFI,2017-09-24,Q1,8960000,374124000,581104000,164242000,0.09579711539489581,-17.1029694166254
ICCC,2017-09-30,Q3,26508,20953950,30289814,7298496,0.00506023923890245,23.590507516057528
FFIV,2017-09-30,FY,420761000,1229392000,2480800000,964662000,0.34225129169540713,61.18654720444236
TER,2017-10-01,Q3,363616000,2109897000,3089327000,1396413000,0.6893530821646744,-2.324355662779961
REGI,2017-09-30,Q3,-62096000,553471000,1078673000,1577246000,-0.4487750939073592,133.1983671860678
BOKF,2017-09-30,Q3,263320000,3488814000,33005515000,716984000,0.30190202171855535,7.885106748067184
USAP,2017-09-30,Q3,-250000,183177000,312975000,152369000,-0.005459200663838801,19.317124556739923
MGPI,2017-09-30,Q3,29184000,159437000,234017000,267089000,0.7321763455157837,27.69604738144001
BXP,2017-09-30,Q3,430278000,5825218000,19308518000,1946847000,0.2954588137302329,0.9513622814824214
HSON,2017-09-30,Q3,-936000,44776000,109807000,335104000,-0.0836162229765946,6.711409567798629
HTLD,2017-09-30,Q3,36568000,537536000,797694000,441632000,0.2721157280628646,-21.457010815774957
B,2017-09-30,Q3,118663000,1329601000,2346531000,1063451000,0.356988299497368,-1.1137449970270534
EFSC,2017-09-30,Q3,40661000,546336000,5231488000,147750000,0.2976995841386985,24.238871871646786
GM,2017-09-30,Q3,1298000000,42243000000,229502000000,98983000000,0.12290793740974836,-20.118631197977805
ACNB,2017-09-30,Q3,7271000,153256000,1607635000,36604000,0.18977397296027562,32.14920521154055
GENC,2017-09-30,FY,8418000,128918000,142893000,80608000,0.06529732077754852,-32.492997573019125
GSBC,2017-09-30,Q3,39358000,462120000,4512611000,136525000,0.34067341815978536,-2.122017292889762
EXC,2017-09-30,Q3,1911000000,28100000000,118473000000,25149000000,0.2720284697508897,14.472995628886704
BELFB,2017-09-30,Q3,8890000,178095000,428488000,371671000,0.19966871613464723,-19.57511567099597
BSF,2017-09-30,Q3,16706000,249209000,2241459000,64295000,0.2681444089097906,0.486847466717975
SRTS,2017-09-30,Q3,-3301930,11986428,18122360,14118130,-1.1018895704374982,67.60000228881836
SNAP,2017-09-30,Q3,-3095089000,3175270000,3542380000,539256000,-3.89899315648748,-43.010756202840625
FINL,2017-11-25,Q3,-1931000,437375000,751738000,1277657000,-0.017659902829379823,36.60262649033303
SCRH,2017-09-30,Q3,-251397,-93247,90399,544303,10.784132465387627,56.86274688835552
SSP,2017-09-30,Q3,-20078000,926831000,1686610000,659271000,-0.08665225914972632,-12.605928318642809
QTWO,2017-09-30,Q3,-20643000,102637000,205467000,142275000,-0.8045051979305708,45.72803934747835
USB,2017-09-30,Q3,4567000000,48723000000,459227000000,10645000000,0.3749358619132648,-1.178887106301496
ASPZ,2016-09-30,Q3,-19223,-297084,2731,0,0.2588224205948486,407.614247754504
RDI,2017-09-30,Q3,23553000,170600000,418061000,207954000,0.5522391559202814,-0.7537681217588103
PCG,2017-09-30,Q3,1542000000,19034000000,71526000000,13035000000,0.3240516969633288,-32.46734158759274
RHP,2017-09-30,Q3,103782000,351396000,2492502000,839544000,1.1813680292319777,37.03879883144565
UNL,2017-09-30,Q2,-10604,33793,35811,227,-1.2551711892995592,-4.462470544665087
AXS,2017-09-30,Q3,-341541000,5454699000,21818150000,3232977000,-0.25045634965375724,0.8563401840548058
PEP,2017-09-09,Q3,5603000000,13450000000,78463000000,43999000000,1.6663197026022305,-2.549921787002134
LAUR,2017-09-30,Q3,-106745000,1551678000,7782564000,3116766000,-0.2751730707015244,5.248803681559892
MULE,2017-09-30,Q3,-54892000,239946000,447786000,207742000,-0.9150725579922149,122.51621650986826
AIRT,2016-09-30,Q2,-6909566,21828279,65931550,69016243,-1.2661678000359076,-13.516162328452456
SYEV,2017-08-31,Q2,245384,3266060,3567165,2200141,0.30052601605604307,-13.746630771067231
EPR,2017-09-30,Q3,197405000,2888308000,6133010000,428291000,0.27338497140886636,-1.9211417030689963
SRI,2017-09-30,Q3,26141000,224529000,540269000,617004000,0.46570376209754644,44.341909145732
CRAI,2017-09-30,Q3,9962000,207432000,334420000,273059000,0.1921015079640557,18.892043620122276
SBAC,2017-09-30,Q3,95994000,-2257798000,7300470000,1284602000,-0.17006658700202587,12.430888480858107
WCRS,2017-09-30,Q3,1662616,33514038,60762476,67834678,0.19843815895894132,-17.200002670288086
ISGN,2017-09-30,Q3,-1224000,-3137000,333000,157000,1.5607268090532356,40.62499941792338
JBGS,2017-09-30,Q3,-60332000,3071409000,6015027000,386642000,-0.07857240764743478,7.847731143276448
ELON,2017-09-30,Q3,-3421000,22424000,31779000,23637000,-0.610239029611131,77.56814048002607
DAR,2017-09-30,Q3,26410000,2122655000,4934522000,2714101000,0.04976786147536929,7.692302785313671
FHRT,2017-10-31,Q2,-1069376,-3361587,243964774,2244200,1.2724656538712222,-24.74916411961468
COSG,2017-09-30,Q3,-8808,11606,230688,572326,-3.035671204549371,150.0
SYPR,2017-10-01,Q3,-9588000,18083000,63610000,60805000,-2.1208870209589117,-4.895100406320293
FELE,2017-09-30,Q3,70726000,698474000,1179500000,836714000,0.4050315401861773,3.0534385441018124
AC,2017-09-30,Q3,-7058000,898208000,979519000,15330000,-0.031431472442908545,15.78230358602037
NYT,2017-09-24,Q3,61109000,918678000,2238958000,1191513000,0.2660736406009505,20.51282051282051
HGBL,2017-09-30,Q3,138000,3815000,14620000,12637000,0.14469200524246395,28.571425095939144
BAND,2017-09-30,Q3,6570000,-14499000,72550000,120489000,-1.8125387957790193,167.8499984741211
CVGI,2017-09-30,Q3,5523000,78434000,400787000,566893000,0.2816635642705969,24.1192372001208
MDXG,2017-09-30,Q3,29853000,142472000,178707000,233592000,0.8381436352406086,-51.68100197989946
PTEN,2017-09-30,Q3,-189492000,3593202000,5472975000,1569350000,-0.21094500114382658,-17.858854186172426
OCLN,2017-09-30,Q3,-8659802,-14317569,1856614,2294891,2.41934982118822,-97.05340691284977
FVTI,2017-08-31,FY,-105943,-108631,5833,0,0.975255682079701,4.395600019366923
INCT,2017-09-30,Q3,-1653310,-1076726,21509,3347,6.141989698400522,0.0
ARCB,2017-09-30,Q3,23158000,613565000,1344432000,2115736000,0.15097340950021595,42.584435609085055
HLX,2017-09-30,Q3,-20528000,1511711000,2366490000,418117000,-0.0543172603758258,40.94150915622545
VSEC,2017-09-30,Q3,21739000,277192000,619044000,260585000,0.31370313717567605,-42.928507315183175
PPC,2017-09-24,Q3,584242000,1700319000,6063285000,8025511000,1.3744291512357387,-35.42678415193137
LYB,2017-09-30,Q3,2983000000,7326000000,25243000000,24775000000,1.6287196287196286,1.949277996007372
BNED,2017-10-28,Q2,13612000,729844000,1527241000,1152327000,0.07460224376716121,-4.36187364185185
AOS,2017-09-30,Q3,273800000,1665900000,3104600000,2228100000,0.6574224143105829,-11.035176798400155
PB,2017-09-30,Q3,205027000,3781358000,22143263000,505516000,0.2168818715392724,5.31511022187114
LMB,2017-09-30,Q3,-417000,46477000,201807000,354327000,-0.035888719151408226,-18.09592826816767
ORLY,2017-09-30,Q3,831489000,614179000,7479328000,6786918000,5.415287725565348,61.244204812341685
WBS,2017-09-30,Q3,185546000,2638787000,26350182000,677490000,0.28125953326282116,11.624383614394624
AMNB,2017-09-30,Q3,13129000,210214000,1780541000,46558000,0.24982161035896752,-6.58682634730539
DLX,2017-09-30,Q3,145446000,950545000,2179980000,1097777000,0.612053085335255,-22.94993579023233
TRC,2017-09-30,Q3,-1940000,307554000,447539000,23975000,-0.025231341487998854,-0.7769656435763277
AMP,2017-09-30,Q3,1299000000,6305000000,145486000000,8901000000,0.8241078509119746,-0.679353278586983
FIBK,2017-09-30,Q3,72253000,1419410000,12206473000,269091000,0.20361417772172946,15.167088636890064
JANL,2017-09-30,FY,624188,10859331,37897473,69489876,0.05747941562882649,1.2345607788386979
LNN,2017-11-30,Q1,3185000,269232000,503407000,124526000,0.04731978368098889,7.076627155570206
MRC,2017-09-30,Q3,15000000,776000000,2336000000,2743000000,0.07731958762886598,6.105143533640875
ASUR,2017-09-30,Q3,-4177000,64384000,182337000,39134000,-0.2595054671968191,-1.5067373953709207
CNOB,2017-09-30,Q3,32640000,557691000,4844755000,131113000,0.23410813515011,-4.426560823274596
REMI,2017-09-30,Q2,124025,3235995,4965133,1470033,0.15330678817488902,-19.999998807907104
UNB,2017-09-30,Q3,6527000,59607000,705346000,21337000,0.438002248058114,7.049345201280017
NL,2017-09-30,Q3,68160000,248100000,481017000,86943000,1.0989117291414752,-38.14432868061515
SALM,2017-09-30,Q3,2286000,213237000,583624000,196525000,0.04288186384164099,-48.48484629551347
TAKD,2017-09-30,Q3,-159544,473348,491980,0,-1.3482173791798,-60.97560898045713
PFG,2017-09-30,Q3,1481600000,11996400000,247933600000,10855500000,0.4940148711280051,-9.750459326700039
UNM,2017-09-30,Q3,727300000,9448600000,63805700000,8447600000,0.30789746629130244,-24.29761822752655
PSMT,2017-08-31,FY,90724000,708767000,1177514000,2996628000,0.12800257348324626,6.338463416466346
QRON,2017-09-30,Q3,-123838,36986,116468,0,-13.392959498188503,-36.666667461395264
SMLR,2017-09-30,Q3,-1763000,-3588000,3871000,8239000,1.9654403567447045,691.111077202691
NDLS,2017-10-03,Q3,-36995000,35896000,187073000,343718000,-4.122464898595944,177.59036609717757
AMRC,2017-09-30,Q3,13007000,311992000,903645000,506019000,0.1667606861714403,74.99999083005487
CSGS,2017-09-30,Q3,46398000,324852000,875372000,584378000,0.5713124746038196,-1.8821815219644413
CSRA,2017-09-29,Q2,158000000,446000000,5005000000,2501000000,1.4170403587443947,27.765723450174345
AAON,2017-09-30,Q3,38728000,230298000,303138000,301072000,0.6726589028128772,7.539125406006845
USAC,2017-09-30,Q3,-593103,14316209,38746050,9863403,-0.16571509957698996,-1.0191850910290123
PDEX,2017-09-30,Q1,628000,16275000,18167000,5162000,0.15434715821812597,43.448270600417565
SDPI,2017-09-30,Q3,506863,14973677,30367172,11865648,0.13540107750420954,270.9302330416818
AMS,2017-09-30,Q3,1261000,22273000,59976000,14472000,0.22646253311183945,16.666666666666664
THG,2017-09-30,Q3,134700000,2972000000,15389300000,3852200000,0.18129205921938088,26.222637040094597
DFIN,2017-09-30,Q3,33400000,173600000,933700000,471400000,0.7695852534562212,-18.248175118967826
PETV,2016-12-31,Q3,-15864580,-14483786,2037980,7079,4.381335101195226,379.9998773847704
INSG,2017-09-30,Q3,-41946000,-48902000,158901000,129221000,3.4310253159379984,160.13513178264603
EML,2017-09-30,Q3,5214024,87619378,175363475,150095975,0.23803063290405918,-4.697985417359254
CHEF,2017-09-29,Q3,4883000,204476000,654550000,944422000,0.09552221287583873,88.3419684510688
DLA,2017-09-30,FY,10511000,155887000,317802000,385082000,0.0674270465144624,-17.562553390073568
FRD,2017-09-30,Q2,480659,60841376,69369957,49160979,0.031600797457309315,52.42718993450741
ALLE,2017-09-30,Q3,264600000,367200000,2447300000,1785100000,2.8823529411764706,4.66890208311658
DIT,2017-09-30,FY,2949576,68168842,131804887,1274984408,0.0432686827803236,-5.745260760713076
SEE,2017-09-30,Q3,848400000,760600000,5939400000,3233800000,4.46174073100184,-6.649609177553543
TTOO,2017-09-30,Q3,-44234000,18127000,69679000,2105000,-9.760909141060298,72.8538283062645
IGEN,2017-09-30,Q3,-800169,-705228,894412,761394,4.538498187820109,-24.906131072782944
EACO,2017-08-31,FY,4051000,34832000,65780000,156954000,0.11630110243454295,121.51898132495991
TSN,2017-09-30,FY,1778000000,10541000000,28066000000,38260000000,0.1686746987951807,-16.143117945241386
HSY,2017-10-01,Q3,574988000,823270000,5655477000,5575790000,2.7936788659856426,-6.284451091541802
TCON,2017-09-30,Q3,-12543000,21816000,37376000,8755000,-2.2997799779977997,-40.57971014492754
FHRT,2017-07-31,Q1,137689,-2103763,235670436,640563,-0.26179564903461083,-33.33333333333333
COHR,2017-09-30,FY,207122000,1163264000,2337800000,1723311000,0.17805244553257044,12.085304222553411
WEX,2017-09-30,Q3,79576000,1632954000,6541128000,423434000,0.1949252703995336,79.2820043654743
BG,2017-09-30,Q3,227000000,7546000000,20552000000,34189000000,0.12032865094089584,-1.7305479350113493
BXMT,2017-09-30,Q3,159829000,2519614000,9776917000,391787000,0.2537356912606455,7.507212831285559
SNFCA,2017-09-30,Q3,5442702,139343881,1007904311,9356659,0.15623799081640335,6.849306095538239
GOOG,2017-09-30,Q3,15682000000,157100000000,189536000000,78532000000,0.3992870782940802,25.19747371305644
FNB,2017-09-30,Q3,175078000,4435921000,31123295000,709241000,0.15787296482511748,-9.851165297446702
A,2017-10-31,FY,684000000,4831000000,8426000000,3410000000,0.14158559304491825,-6.453034644158214
AINC,2017-09-30,Q3,-12212000,31862000,84012000,51907000,-1.5331115435314795,23.1675903008012
CRBP,2017-09-30,Q3,-21727922,31980499,38419660,2440195,-2.7176464007018777,2.027027027027027
MYMX,2017-09-30,Q3,-3031000,-41797000,7671000,1099000,0.29006866521520686,-33.33333498901784
TCX,2017-09-30,Q3,3439266,48697953,346020309,85008484,0.2824977879460354,-5.267627110448096
SMTC,2017-10-29,Q3,37723000,664659000,1070957000,447233000,0.22702167577660123,10.37688730473518
BGSF,2017-09-24,Q3,6723220,42109032,112292036,196899224,0.6386487345517703,53.492531847597945
PLBC,2017-09-30,Q3,7053000,55556000,731048000,21285000,0.5078119375044999,18.333335149855838
V,2017-09-30,FY,6699000000,32760000000,67977000000,18358000000,0.20448717948717948,42.34635134923929
LECO,2017-09-30,Q3,223290000,945152000,2411103000,1877246000,0.9449908586132177,0.4947290469616376
DENN,2017-09-27,Q3,26447000,-97597000,309226000,290049000,-1.0839267600438538,12.328765123153861
SEM,2017-09-30,Q3,99587000,721642000,5123807000,3329202000,0.5520022393375108,-4.415586397245333
LTRE,2017-09-29,FY,-2137000,-11822000,26263000,70663000,0.18076467602774487,-59.99999841054281
CMTV,2017-09-30,Q3,4706679,57220740,661539071,19421393,0.3290190934266142,-9.813334147135416
SON,2017-10-01,Q3,171397000,1732173000,4569628000,3737632000,0.39579649376823217,8.866223025402158
RSYS,2017-09-30,Q3,-32973000,25168000,82927000,101476000,-5.240464081373172,15.602839277889288
MRVL,2017-10-28,Q3,472068000,4060949000,4682204000,1793761000,0.4649829387170339,-13.98792814641909
QPRC,2017-09-30,Q3,-707618,-2047965,2728902,8509,1.382090025952592,15.000000372529025
HRL,2017-10-29,FY,847103000,4935907000,6975908000,9167519000,0.17162053498982052,36.55057608571948
OPY,2017-09-30,Q3,1803000,504418000,2508401000,655365000,0.014297665824772312,78.53106790613431
KMI,2017-09-30,Q3,1215000000,35225000000,80351000000,5855000000,0.13797019162526614,-7.172779119745641
GFMH,2017-10-31,Q2,-23757,321629,367455,0,-0.2954584319200072,-72.99999869614837
FMAO,2017-09-30,Q3,9284000,132889000,1090155000,30380000,0.27945127136181325,11.375518522978014
PRMW,2017-09-30,Q3,-9391000,67812000,389371000,217762000,-0.5539432548811419,7.308966205014375
DTST,2017-09-30,Q3,431907,2084841,6956108,6387499,0.8286617540618205,128.57142248932198
BRFH,2017-09-30,Q3,-6602816,5986210,7404609,1621119,-4.412017620497777,-11.428570530291106
ED,2017-09-30,Q3,1020000000,15102000000,49246000000,9072000000,0.2701628923321414,-6.065834215167548
WST,2017-09-30,Q3,150700000,1316900000,1930400000,1183500000,0.4577416660338674,27.855443316648
VEEV,2017-10-31,Q3,34393000,818468000,1046216000,176149000,0.16808476324059096,44.650481641534256
DEL,2017-09-30,Q3,6299000,255398000,558156000,170224000,0.09865386573113337,2.471712655357875
TECH,2017-09-30,Q1,15863000,959810000,1527380000,144613000,0.06610891738990009,66.43020354383637
ANIK,2017-09-30,Q3,23749000,253289000,273132000,78899000,0.37504984424905935,-28.27750498177657
MCRB,2017-09-30,Q3,-60427000,85512000,211882000,29044000,-2.826597436617083,-38.29268264316647
NIMU,2017-10-31,Q1,-128000,-3361000,86000,0,0.15233561440047605,-72.92069719371077
BLMN,2017-09-24,Q3,85298000,25654000,2472954000,3093297000,13.299758322288922,15.756180950467282
PLAB,2017-10-29,FY,21289000,744564000,1020794000,450678000,0.028592572297344486,0.6383023622513776
ISCO,2017-09-30,Q3,-4680000,-186000,7953000,5614000,100.64516129032258,-12.209304340340852
CLSH,2017-08-31,Q1,-565685,-2097642,15398,0,1.0787064713616528,179.99999701976782
SELF,2017-09-30,Q3,-125524,38917098,60228378,5529077,-0.012901681415196991,-13.429753613125081
FET,2017-09-30,Q3,-108469000,1178642000,1814855000,570920000,-0.36811516983104287,-31.456953642384107
GTY,2017-09-30,Q3,34150000,547844000,1004785000,86150000,0.24934105329254314,-0.9021520875606719
USNU,2017-09-30,Q3,390000,3284000,8175000,2627000,0.47503045066991473,-39.0243897120347
PSCR,2017-03-31,Q1,-505868,-825604,229085,138281,2.450898978202625,-63.33333271245161
ROCK,2017-09-30,Q3,37384000,505431000,996297000,728806000,0.29585838620899785,45.68689963458124
RGA,2017-09-30,Q3,605293000,8097118000,58694031000,9283326000,0.2990165142708801,2.816494511502804
FI,2017-09-30,Q3,-50317000,1223483000,1357315000,64071000,-0.1645041246997302,27.849771668736377
CNC,2017-09-30,Q3,585000000,6640000000,22000000000,1634000000,0.35240963855421686,49.319307081637746
IRM,2017-09-30,Q3,163953000,1866988000,10260006000,2854343000,0.3512673889708986,-12.050954247735868
TPC,2017-09-30,Q3,71697000,1627923000,4282785000,3564140000,0.17616803743174586,-35.060453396852765
CRI,2017-09-30,Q3,167075000,771963000,2104063000,2373104000,0.865715066654749,0.020284685225180128
MLI,2017-09-30,Q3,81042000,516903000,1249224000,1742549000,0.627135071763948,-18.618368307997002
HCSG,2017-09-30,Q3,68040000,390456000,661542000,1366721000,0.6970311635626038,-24.749908713685908
UCC,2017-09-30,Q3,399000000,1706000000,5834000000,113000000,0.9355216881594373,62.25916040749204
EVI,2017-09-30,Q1,563000,33144000,55595000,26273000,0.06794593289886555,40.36036310969172
TFX,2017-10-01,Q3,195188000,2472477000,5680733000,1551197000,0.3157772549552534,8.732426859509028
PLX,2017-09-30,Q3,-70135000,-26071000,61058000,16773000,10.760615242990296,19.672136145296818
CECO,2017-09-30,Q3,12485000,339386000,501197000,453317000,0.14714808507127577,-7.836258027455781
IPIX,2017-09-30,Q1,-4534000,-3167000,7659000,0,5.726555099463215,-71.72848086740983
TRV,2017-09-30,Q3,1505000000,23738000000,104311000000,21451000000,0.25360181986688013,5.181646963068521
PTLF,2017-08-31,FY,-23256850,-1381450,55004,0,16.83510079988418,-92.15999990701675
DBO,2017-09-30,Q3,-35972420,458559364,460567514,2176023,-0.3137863737965233,55.65819607103795
BANC,2017-09-30,Q3,46407000,1013908000,10280028000,292033000,0.1830816997202902,-10.000001816522508
EFX,2017-09-30,Q3,423500000,3100400000,7115700000,2523800000,0.5463811121145659,21.111223709336553
IDT,2017-07-31,FY,9641000,145734000,518963000,1501729000,0.0661547751382656,-64.8885910740594
FCAP,2017-09-30,Q3,5862000,81270000,754235000,19649000,0.28851974898486527,8.86112703126405
BXC,2017-09-30,Q3,9508000,-19143000,506360000,1381927000,-1.9867314423026694,205.7281474561942
MATW,2017-09-30,FY,73933000,789707000,2244649000,1515608000,0.09362079859998708,-20.899053124772486
TWIN,2017-09-29,Q1,3405000,129600000,215003000,45064000,0.1050925925925926,23.804407092343958
CLB,2017-09-30,Q3,61444000,149371000,582744000,355725000,1.6454064041882293,17.367513391059763
BRC,2017-10-31,Q1,25836000,712671000,1057613000,290151000,0.1450094082683314,7.25361942594269
USFD,2017-09-30,Q3,187825000,2745184000,9358234000,18151273000,0.2736792870714677,15.864658845246698
QMCI,2017-09-30,Q3,-1305694,-11803717,2604564,7015864,0.442468757934471,250.00000931322597
ICE,2017-09-30,Q3,1311000000,15992000000,79118000000,4395000000,0.32791395697848924,8.019612594476069
LITE,2017-09-30,Q1,7100000,641100000,1248400000,243200000,0.04429886133208548,7.82374533848784
T,2017-09-30,Q3,10711000000,126109000000,443865000000,118870000000,0.33973784583178046,-14.139605466153835
FKWL,2017-09-30,Q1,-428259,17680274,24811452,7644929,-0.0968896748998347,-17.33871223589134
HOPE,2017-09-30,Q3,121461000,1930000000,14150021000,418919000,0.25173264248704663,-10.316142759380098
LCTC,2017-09-30,Q3,146051,6053189,8333864,5706328,0.0965117725549293,-10.166668891906738
BRO,2017-09-30,Q3,212125000,2483647000,7414277000,1407031000,0.34163470090556347,22.240591326949275
KINS,2017-09-30,Q3,8054893,93817685,215406795,66986098,0.34342748917754684,14.457828695048397
MFCO,2017-09-30,FY,-264216,1205974,1831437,3036669,-0.21908930043267932,-4.918037752603991
AFTM,2017-09-30,Q1,-1714691,-9618460,1723092,494681,0.7130833834106499,-81.25
NOVT,2017-09-29,Q3,52630000,309147000,722308000,374372000,0.6809705415223178,56.88074293506668
IDA,2017-09-30,Q3,174177000,2247592000,6367183000,1043874000,0.30997974721390714,11.770674387611747
EA,2017-09-30,Q2,622000000,4388000000,7922000000,1282000000,0.5670009115770283,2.153455685668161
WEB,2017-09-30,Q3,22863000,236693000,1501375000,560416000,0.386373910508549,12.500001922730537
SNDR,2017-09-30,Q3,106000000,1616800000,3302800000,3192400000,0.26224641266699655,0.160380943553265
CRM,2017-10-31,Q3,51394000,8829370000,17490036000,2679841000,0.023283201406215846,29.147941077275913
SFBC,2017-09-30,Q3,3939000,63344000,622536000,20174000,0.24873705481182118,19.27020331439214
SBGI,2017-09-30,Q3,149303000,1141995000,6687069000,2000115000,0.5229550041812793,-7.804876808228532
PFMT,2017-09-30,Q3,-13250000,79029000,163807000,98760000,-0.6706398916853307,19.10111908057222
ITW,2017-09-30,Q3,1763000000,5026000000,16314000000,10685000000,1.4031038599283725,-6.020250615645787
BECN,2017-09-30,FY,100864000,1781806000,3449557000,4376670000,0.056607733950834155,-30.350270853788874
TJX,2017-10-28,Q3,1730672000,4645608000,13877695000,24903944000,1.4901575854010929,53.62653678396866
F,2017-09-30,Q3,5215000000,33238000000,251273000000,8209000000,0.6275949214754197,-23.490488972243583
SYK,2017-09-30,Q3,1269000000,10425000000,21485000000,8973000000,0.4869064748201439,23.810187078864157
CNSL,2017-09-30,Q3,-34725000,501649000,3761225000,703214000,-0.27688682724375013,-32.64463041968762
WRB,2017-09-30,Q3,397065000,5430536000,24336076000,5749808000,0.29246836776332946,18.67854889676339
EGN,2017-09-30,Q3,44398000,3173280000,4853576000,644212000,0.055964806131195484,56.92951813586005
FRBK,2017-09-30,Q3,6167000,225202000,2141563000,51440000,0.10953721547766006,-24.338621802327427
CBOE,2017-09-30,Q3,143500000,2877900000,5228100000,1608400000,0.1994509885680531,-10.3632716195642
ARAO,2017-06-30,Q1,-236259,-2410369,1193301,0,0.39207108953027525,89.99999478459367
NGTF,2017-09-30,Q1,-979774,-661011,151331,36442,5.92894218099245,111.40938879138685
IDXX,2017-09-30,Q3,224979000,-48622000,1669334000,867087000,-18.508411830035786,58.84711240738491
HLI,2017-09-30,Q2,72601000,785698000,1168681000,459674000,0.36961275197340454,13.89099983841929
DLTH,2017-10-29,Q3,4022000,116131000,252947000,253642000,0.13853320818730572,43.69458705712631
NGVC,2017-09-30,FY,6891000,133883000,299991000,769030000,0.051470313632051866,207.09089799360797
FFKT,2017-09-30,Q3,13123000,197648000,1659976000,44192000,0.2655832591273375,31.71296416895541
PJT,2017-09-30,Q3,38000,-137147000,562019000,308729000,-0.0011082998534419272,35.16653522557291
ITOX,2017-09-30,Q3,-332770,281488,321033,0,-4.728727334735406,-52.17391101534285
CVAT,2017-09-30,Q1,-142074,-436975,1074200,340000,1.300522913210138,0.0
ULTA,2017-10-28,Q3,347061000,1616051000,2834873000,3946914000,0.8590347705610776,36.29332704693524
QTNA,2017-10-01,Q3,2087000,142682000,191341000,135084000,0.058507730477565495,7.329844035696601
THRM,2017-09-30,Q3,40469000,550805000,862588000,728498000,0.2938898521255254,21.038619670814477
FFIC,2017-09-30,Q3,35164000,539609000,6261382000,174888000,0.2606628132592303,-20.365534906721685
AIRT,2017-09-30,Q2,1708347,24152920,70463941,96558863,0.2829218164925814,90.39548145883396
HIBB,2017-10-28,Q3,25297000,318375000,458332000,701480000,0.31782646250490776,32.35520959147464
MIND,2017-10-31,Q3,-13310000,70149000,76797000,37913000,-0.7589559366491325,27.388535031847134
SANW,2017-09-30,Q1,-1817506,70231908,161612990,10711716,-0.10351454498431112,-20.454541935971296
KE,2017-09-30,Q1,8480000,348972000,575502000,253204000,0.0971997753401419,-10.884352388078423
EMMA,2017-09-30,Q3,-35537210,-55885245,33604439,366432,2.5435844470217495,-58.53018683672495
MMEX,2017-10-31,Q2,3822062,-3105081,152400,0,-4.923622926422853,-87.05035971223022
BPOP,2017-09-30,Q3,209835000,5285431000,42601267000,1280611000,0.15880256501314652,42.44024639255059
SENR,2017-09-30,Q3,-246300,1267900,5677900,4268800,-0.7770328890291033,-66.66666749450893
MDU,2017-09-30,Q3,165891000,2353917000,6344445000,3278112000,0.2818977899390675,-2.0587113183776915
JWN,2017-10-28,Q3,286000000,854000000,8186000000,10537000000,1.3395784543325526,52.799997329711914
USNA,2017-09-30,Q3,68386000,362812000,490651000,774151000,0.7539552164757505,109.28820528687915
GEOS,2017-09-30,FY,-56791000,195154000,205696000,73721000,-0.2910060772518114,-24.43463627449031
AXP,2017-09-30,Q3,-21319000,24312000,44068000,2116000,-3.5075682790391576,17.61651953496591
FMCC,2017-09-30,Q3,1193000000,14084000000,154478000000,8099000000,0.33882419767111616,-54.24836593668506
WAYN,2017-09-30,Q3,2187000,42598000,446257000,12226000,0.20536175407296117,9.85058503988438
PMT,2017-09-30,Q3,76911000,1610565000,5785043000,224237000,0.19101619617960156,15.13082968689429
AIRI,2017-09-30,Q3,-6006000,30426000,76265000,50515000,-0.789587852494577,-4.7945256482862275
LSMG,2017-09-30,Q3,-583509,-798073,232345,0,2.9245896052115534,-17.499998603016106
IEP,2017-09-30,Q3,2394000000,4784000000,32817000000,12893000000,2.0016722408026757,29.785279945495123
OLLI,2017-10-28,Q3,57540000,721832000,1064828000,720363000,0.3188553569251571,103.10701599635546
CARV,2017-09-30,Q2,-1235000,46674000,666396000,12510000,-0.10584051077687792,87.39130574498604
CPSS,2017-09-30,Q3,13716000,194695000,2450385000,327158000,0.2817946018130923,-19.56521468712381
CVCY,2017-09-30,Q3,13691000,181232000,1423026000,41483000,0.3021762161207734,-2.3938518243350813
BKUH,2017-10-31,Q1,-81361,-168693,7886,0,1.9292086808581268,300.0
INPX,2017-09-30,Q3,-27129000,-14457000,35205000,31225000,7.506121601992114,-97.6491691406666
CENT,2017-09-30,FY,79730000,635686000,1306906000,2054500000,0.1254235581718018,-7.423581113881592
PLSE,2017-09-30,Q3,-16864000,49935000,54124000,0,-1.350876138980675,-24.561403597719984
SSTI,2017-09-30,Q3,-7477000,13986000,37010000,17244000,-2.1384241384241385,326.5135797051733
WING,2017-09-30,Q3,16807000,-57674000,121124000,77267000,-1.1656552345944446,103.12405654059968
SSOK,2017-09-30,Q3,-29227405,1849164,3179467,8386,-63.22295913180226,-98.16176470588235
LEG,2017-09-30,Q3,256300000,1172200000,3323700000,2959300000,0.874594779047944,-9.130520515812945
STAF,2017-09-30,Q3,-9354000,4095000,94125000,133174000,-9.136996336996337,-51.05882233264399
ALL,2017-09-30,Q3,346000000,6522000000,42744000000,2371000000,0.21220484513952775,6.841307515399807
MRCY,2017-09-30,Q1,17953000,734268000,822592000,106069000,0.09780080297656986,4.832289586772941
ORC,2017-09-30,Q3,7989000,414401000,4144384000,105864000,0.07711371352868357,-28.921568627450984
UCBI,2017-09-30,Q3,79737000,1220640000,11129027000,282963000,0.2612957137239481,-3.6614899666876135
BDCO,2017-09-30,Q3,-23297713,-5733442,72859505,176841172,16.25391030379308,257.1428556223305
CCUR,2017-09-30,Q1,-1010000,41463000,53132000,5297000,-0.09743626848033186,-19.031721472119525
LBTYA,2017-09-30,Q3,-1698600000.0,11030200000.0,70545300000.0,13799900000.0,-0.615981577849903,-15.211016380950081
BGFV,2017-10-01,Q3,14054000,203486000,441394000,766746000,0.27626470617143195,-35.84905626426688
CRCW,2017-09-30,Q3,-2708728,3575507,3724522,570332,-3.030314861640601,340.0
PGAI,2017-09-30,Q3,-1188000,-89881000,807000,9000,0.052869905764288336,0.0
ASG,2017-03-31,Q1,-19375,-98646,2497,6750,0.7856375321857957,33.03964785470541
RIHT,2017-09-30,Q3,-1448899,-2399702,26239,409360,2.415131545500233,-62.857143902504895
BCOV,2017-09-30,Q3,-18147000,66022000,125209000,115812000,-1.0994516979188755,16.666664459087173
MTRN,2017-09-29,Q3,19683000,511992000,778943000,830779000,0.15377584024750388,40.208569781198165
CYRX,2017-09-30,Q3,-5629332,17754446,19719648,8632267,-1.2682641857707078,33.29865637108551
WLFC,2017-09-30,Q3,19449000,215591000,1435899000,211653000,0.360849942715605,39.378021011802225
FOR,2017-09-30,Q3,67940000,630084000,793533000,1502000,0.4313075716888542,27.710845034706278
XRM,2017-09-30,Q3,-5096000,-124932000,570072000,358656000,0.1631607594531425,175.2556320174415
BWMG,2017-09-30,Q3,15789,348154,1208522,1149690,0.1814024828093315,107.14284478857847
VYST,2017-09-30,Q3,-872714,-2613788,410847,11723,1.3355543754887542,-67.09585082077389
COLL,2017-09-30,Q3,-57462000,96269000,122673000,17682000,-2.3875598583136837,34.24408365791267
CHUY,2017-09-24,Q3,13074000,172067000,263394000,273570000,0.3039281210226249,33.823528174298005
CHUBA,2017-09-30,Q3,6692000,47189000,73579000,74390000,0.567250842357329,-1.3882850560346776
JILL,2017-10-28,Q3,26017000,149725000,600145000,509473000,0.6950609450659543,-5.791502845310218
MA,2017-09-30,Q3,3688000000,6442000000,20914000000,9185000000,2.289972058366967,56.96656967548769
ENTL,2017-09-30,Q3,-19621000,124280000,241836000,64575000,-0.631509494689411,26.2493409312898
OMCL,2017-09-30,Q3,-3686000,472497000,923818000,362089000,-0.031204430927603773,37.476104349404096
CHRW,2017-09-30,Q3,352337000,1354875000,4175588000,1053855000,1.0402051849801641,26.67528370391002
KELYA,2017-10-01,Q3,53900000,1127000000,2336700000,3952100000,0.19130434782608696,-5.50530712437833
KMG,2017-10-31,Q1,5850000,355013000,794814000,110664000,0.0659130792393518,35.8062784255659
VBIV,2017-09-30,Q3,-27452000,62973000,88480000,664000,-1.7437314404586093,-35.809019050753555
FORR,2017-09-30,Q3,13047000,135220000,314388000,247296000,0.38594882413844106,6.250001655684548
WNEB,2017-09-30,Q3,12674000,252555000,2086378000,54801000,0.20073251370988499,-0.46083123481042976
ADI,2017-10-28,FY,727259000,10161540000,21141294000,5107503000,0.07156976206362421,-13.458170123300942
PFHO,2017-09-30,Q3,706666,6464239,6961225,4817800,0.4372771489420487,61.97183316152643
CSPI,2017-09-30,FY,2506000,21001000,58928000,84675000,0.11932765106423504,18.304776420561943
NFBK,2017-09-30,Q3,26484000,645049000,4006828000,98254000,0.16422938412430685,-9.648130998689645
ASPZ,2017-09-30,Q3,-109385,-418786,1992,0,1.044781821741892,-90.00000062088169
FMC,2017-09-30,Q3,7300000,2120300000,6056800000,1899000000,0.013771636089232656,-1.8795713590408607
HNRG,2017-09-30,Q3,11719000,228977000,518981000,202333000,0.20471925127851268,6.324784471638745
IPWR,2017-09-30,Q3,-8496307,13244192,15274878,973680,-2.566047668291127,-74.62151478586516
WRIT,2017-09-30,Q2,-837785,3728488,4571650,157248,-0.8987932910069711,-68.5714281035742
DCO,2017-09-30,Q3,10593000,224649000,593849000,415925000,0.1886142382116101,25.199268822379995
FDBL,2017-09-30,Q3,-4428522,-6812029,42868,7876,2.6004128872616366,-50.0
CALM,2017-09-02,Q1,-16177000,827564000,1011028000,262845000,-0.07819093145666076,33.2884172419388
KHC,2017-04-01,Q1,891000000,57732000000,120802000000,6364000000,0.06173352733319476,-31.594550202523315
KOPN,2017-09-30,Q3,-23503057,78564797,95052700,14501945,-1.1966202623803635,-42.789596563075015
GGG,2017-09-29,Q3,216020000,719989000,1404223000,1099885000,1.2001294464220982,12.393889563633971
GPRE,2017-09-30,Q3,29284000,897911000,2628537000,2675182000,0.1304539091290785,-16.097557253953887
SKAS,2017-09-30,Q3,308231,5167605,6694307,8743913,0.23858712111316557,-28.571425327638234
SITE,2017-10-01,Q3,50600000,205700000,985000000,1446000000,0.983957219251337,27.803215204121244
OGE,2017-09-30,Q3,324200000,3616800000,10463700000,1759200000,0.3585489935854899,0.4147125614390933
AMAT,2017-10-29,FY,3434000000,9349000000,19419000000,14537000000,0.3673120119798909,-42.11091283178141
ABMD,2017-09-30,Q2,61877000,604886000,694653000,265213000,0.4091812341499059,164.77687412217722
UWN,2017-10-31,Q2,762978,33635276,50546013,37968747,0.09073545286204876,11.57407361416171
MOS,2017-09-30,Q3,325600000,10114200000,17803100000,5317500000,0.12876945284847047,49.33333122867277
ALE,2017-09-30,Q3,130800000,2042700000,4978500000,1081400000,0.2561315905419298,-3.610893818572762
ALG,2017-09-30,Q3,41075000,446493000,686569000,669120000,0.36797889328612093,-15.869224792134206
APHD,2017-07-31,Q1,-84532,-987397,67714,11100,0.3424438194566117,78.04878928135173
ISTR,2017-09-30,Q3,5918000,152876000,1476423000,37379000,0.15484444909599937,10.493832199468171
LXU,2017-09-30,Q3,-30131000,445221000,1194893000,338587000,-0.27070600892590424,19.26829893343677
BLUE,2017-09-30,Q3,-218415000,1141318000,1405756000,18189000,-0.765483414788867,16.381028395432693
BXNG,2017-09-30,Q3,-637917,-1078265,184955,0,2.366457225264661,8.811606462837513
INBK,2017-09-30,Q3,11728000,220867000,2633422000,60059000,0.21239931723616476,-8.283132339773239
OPVS,2017-09-30,Q3,467158,-11971495,92475,130787,-0.15609011238780118,-66.66666749450893
SHO,2017-10-28,Q3,-61813000,208783000,440798000,1324177000,-1.1842535072299947,-13.078340848985517
MADI,2017-09-30,Q3,-15570,1885,3000,0,-33.03978779840849,-25.0
NWL,2017-09-30,Q3,1095900000,12734400000,33888000000,10999100000,0.34423294383716546,-52.713722122631545
ZDGE,2017-10-31,Q1,-820000,9980000,12371000,2659000,-0.3286573146292585,-36.643836455310236
VASO,2017-09-30,Q3,-3934000,9507000,54714000,2649000,-1.6552014305248763,-50.0
CHCO,2017-09-30,Q3,44646000,500315000,4099554000,105879000,0.3569431258307266,5.451051930373999
EEFT,2017-09-30,Q3,179769000,1196683000,3177921000,1647777000,0.600890962769589,5.940806381851525
CYAN,2017-09-30,Q2,977000,17927000,29679000,16864000,0.21799520276677636,-17.892157664806845
NNBR,2017-09-30,Q3,118561000,441304000,1517510000,463658000,1.0746424233634864,-46.4837029652892
SNDX,2017-09-30,Q3,-41699000,96714000,124493000,915000,-1.724631387389623,-37.55795837926361
BLNC,2017-09-30,Q3,-662970,-1194039,288434,500,2.220932482104856,-30.000003178914387
DPZ,2017-09-10,Q3,184578000,-2765344000,816235000,1896470000,-0.26698739831283197,55.576129868421
OMC,2017-09-30,Q3,904400000,2522500000,22207500000,11097100000,1.4341328047571853,-9.954996268626191
SMME,2017-09-30,Q1,-247062,-1305075,54633,0,0.7572346416872594,-8.333331781129008
SPTN,2017-10-07,Q3,-87452000,705956000,2033774000,6203857000,-0.4955096351613982,-26.075059015588884
ITCI,2017-09-30,Q3,-67564702,319440076,334190841,240782,-0.8460391425651927,39.90973850877805
CTBO,2017-09-30,Q2,-697688,-1448883,51195,0,1.9261403439753244,-66.73076923076923
TMP,2017-09-30,Q3,50134000,588349000,6524060000,167735000,0.3408453146006877,-7.179602940042572
CYTK,2017-09-30,Q3,-87305000,147038000,326313000,13386000,-2.3750323045743276,-33.89261319698393
HTLF,2017-09-30,Q3,61600000,981684000,9755627000,261590000,0.25099726592263905,15.868265479181575
ZTS,2017-10-01,Q3,782000000,1989000000,9288000000,3847000000,1.5726495726495726,43.62352558210784
WOW,2017-09-30,Q3,75300000,-288300000,2676500000,895300000,-1.04474505723205,-27.34932069711799
EHTH,2017-09-30,Q3,-4455000,79181000,104163000,133515000,-0.2250539902249277,15.724816300535661
POWI,2017-09-30,Q3,44507000,562259000,624483000,323506000,0.31662988053548274,-13.955066863413993
FANG,2017-09-30,Q3,387150000,4898500000,7287568000,805917000,0.3161375931407574,35.19000244140625
COST,2017-11-26,Q1,651000000,11078000000,39378000000,31117000000,0.23506048023108864,27.489714837181094
NOG,2017-09-30,Q3,14654917,-470604426,494365880,172317392,-0.12456250889574082,321.0526315789474
STWD,2017-09-30,Q3,318886000,4496792000,62706268000,637056000,0.2836564377449524,-1.1483692914248165
PWCO,2017-09-30,Q3,-358695,329501,814747,776032,-4.354402566304806,0.0
ONVO,2017-09-30,Q2,-19563000,52058000,56911000,1890000,-1.503169541665066,-48.19819997845212
UHS,2017-09-30,Q3,546277000,4865212000,10639360000,7767078000,0.4491290410366496,13.908930334173997
TAYD,2017-08-31,Q1,301747,33333711,37890731,6567720,0.03620922974942694,-1.531917490857713
APT,2017-09-30,Q3,2457000,32346000,34627000,34082000,0.3038397328881469,-11.250001192092896
RVP,2017-09-30,Q3,-2605917,28339997,40642734,24981833,-0.36780766067124143,16.129035979478314
WTM,2017-09-30,Q3,581100000,3468800000,3637100000,259800000,0.6700876383763837,8.193063019328035
GRMN,2017-09-30,Q3,556175000,3639685000,4835391000,2198508000,0.6112342139498336,29.339001567787047
ETN,2017-09-30,Q3,2347000000,16593000000,32725000000,15191000000,0.5657807509190622,11.85195039063503
NBN,2017-09-30,Q1,4586000,126712000,1049637000,16178000,0.14476924048235368,-20.80291582097681
WDC,2017-09-29,Q1,681000000,12059000000,30505000000,5181000000,0.22588937722862593,-32.24537050732206
AVA,2017-09-30,Q3,88317000,1670327000,5452232000,1048067000,0.2114963118000248,-3.1417612369323784
VSAT,2017-09-30,Q2,-23138000,1844841000,3288221000,347901000,-0.050168009058775255,-3.544498010028453
MASI,2017-09-30,Q3,131248000,717282000,906071000,542170000,0.7319185480745369,43.330650006155146
SNES,2016-12-31,FY,-10795000,10827000,12870000,318000,-0.9970444259721067,-91.02244389027432
HUM,2017-09-30,Q3,2264000000,11211000000,32956000000,706000000,0.8077780751048078,38.17142408721301
CNS,2017-09-30,Q3,71680000,308590000,423999000,278852000,0.929129265368288,2.086480282866811
IEHC,2017-09-29,Q2,892666,15371342,17280406,11051240,0.23229357592850383,108.52358373380034
AZO,2017-11-18,Q1,281003000,-1525099000,9397084000,2589131000,-0.7370092039926588,30.464028737541245
EFR,2017-09-30,Q3,-19960000,125634000,185300000,27138000,-0.6354967604310935,-5.383575070952793
SPGX,2017-08-31,Q1,-869406,4915969,4972062,15000,-0.7074137367424408,-22.564104946720782
STBA,2017-09-30,Q3,63674000,887576000,7170179000,192787000,0.28695683524565785,8.427103752034578
BUSE,2017-09-30,Q3,50433000,836068000,6913789000,153455000,0.24128659391341375,-2.450520541989025
DGTW,2017-08-31,Q2,-3344009,-1184990,482653,174177,11.28788934927721,-47.07826135068399
TTNP,2017-09-30,Q3,-10647000,4038000,12740000,157000,-10.546805349182764,-88.64864864864866
HBUV,2017-09-30,Q3,-194974,-372643,2191667,0,2.092877096846043,194.11764396515687
EVOA,2017-09-30,Q3,-2584782,-6199219,11260534,1692787,1.6678113807561887,-85.36585273663249
FTXP,2017-09-30,Q3,-4414642,2072354,12771084,99527,-8.521019092297937,-71.43798903897907
PNRG,2017-09-30,Q3,26294000,82704000,233616000,59191000,1.271715999226156,59.381894402272714
TALN,2017-09-30,Q3,531373,8164680,20537454,33791858,0.26032765521735085,-37.499997671693514
RAVE,2017-09-24,Q1,-356000,2603000,12845000,13157000,-0.5470610833653476,-12.280703711243039
ENSV,2017-09-30,Q3,-4986148,10001204,39883328,26623167,-1.994219096020839,41.07143951922097
SCYX,2017-09-30,Q3,-17470000,27264000,49619000,193000,-2.563086854460094,-51.219512951556055
FMBH,2017-09-30,Q3,22059000,311431000,2794456000,74242000,0.2833243960941589,4.971378847314004
MOD,2017-09-30,Q2,33700000,482500000,1538000000,1023800000,0.2793782383419689,-24.93703107210191
IMMR,2017-09-30,Q3,-32997000,19849000,59772000,28117000,-6.649604514081314,29.375760050408168
FCNCA,2017-09-30,Q3,269345000,3313831000,34584154000,817732000,0.325116157100347,19.568547322656617
SQ,2017-09-30,Q3,-47150000,732909000,2083852000,29394000,-0.2573307190933663,236.8833079020177
BHE,2017-09-30,Q3,44375000,1424911000,2076706000,1786955000,0.12456918361918744,-33.14285823277065
AYI,2017-08-31,FY,321700000,1665600000,2899600000,3505100000,0.19314361191162344,-14.305104500570467
WTBA,2017-09-30,Q3,18876000,178087000,2030348000,53517000,0.423972552741076,-5.05050505050505
AURX,2017-09-30,Q3,-6981560,8469273,10213777,382884,-3.2973597615757573,-37.499997671693514
KMB,2017-09-30,Q3,1694000000,259000000,15049000000,13677000000,26.16216216216216,-2.8468853520583646
WFCF,2017-09-30,Q3,181101,10117850,14852406,9152520,0.07159663367217343,4.166662527455388
CTLT,2017-09-30,Q1,3800000,1038800000,3784800000,543900000,0.014632268001540239,10.317263809822794
LII,2017-09-30,Q3,262500000,32500000,2055700000,2947900000,32.30769230769231,21.99753585308195
ANET,2017-09-30,Q3,319368000,1524552000,2301710000,1025615000,0.8379327172835036,39.61035318853656
RWLK,2017-09-30,Q3,-18555000,1340000,21484000,6238000,-55.38805970149254,-40.666666666666664
LEAT,2017-09-30,Q3,344186,7749367,13620954,14783154,0.1776588978170733,-10.891090628096048
PRA,2017-09-30,Q3,89922000,1850890000,4925154000,657031000,0.1943324562777907,-14.636362249200992
SRPT,2017-09-30,Q3,-26690000,697156000,800281000,97307000,-0.1531364572635106,225.9535761728847
PKG,2017-09-30,Q3,399700000,1994200000,6027200000,4760600000,0.8017250025072711,-6.127510591538926
OPGN,2017-09-30,Q3,-12454647,3760427,9218669,2220095,-13.248119960844873,-73.89067524115755
MTZ,2017-09-30,Q3,188160000,1295453000,3942175000,5004116000,0.5809859562639478,-4.389719921990667
CUII,2017-09-30,Q3,6486964,20077289,51132862,50084684,1.2923983910377541,-24.623115939120595
RVSB,2017-09-30,Q2,5713000,116742000,1147680000,22338000,0.1957478885062788,2.6713182936340076
UNIT,2017-09-30,Q3,-31625000,-1239279000,4292210000,669696000,0.10207548098531485,38.01369241130013
FCFS,2017-09-30,Q3,76158000,1467679000,2131726000,750150000,0.20756037253377613,29.64426877470356
FCBC,2017-09-30,Q3,20272000,352637000,2374780000,71546000,0.22994750976216335,13.65314215058201
MHLD,2017-09-30,Q3,-44888000,1421027000,6839097000,2214099000,-0.12635368645352973,-67.05202277087714
SGH,2017-11-24,Q1,21005000,98751000,529310000,265409000,0.8508268270701056,-12.845307811814877
INTX,2017-09-30,Q3,-15382000,-3629000,44230000,119631000,16.954532929181592,-46.130952402070804
CRMD,2017-09-30,Q3,-22699394,9676292,13928704,236801,-9.38350930294373,40.57970543765047
ARW,2017-09-30,Q3,351429000,4879068000,15056966000,19178638000,0.288111581966064,-10.064657651751139
JBHT,2017-09-30,Q3,300956000,1471970000,4053923000,4670200000,0.817831885160703,9.129282294393274
CVM,2017-06-30,Q3,-9369401,-5083512,21823407,51822,7.372384288657133,-58.744394223299636
CBU,2017-09-30,Q3,78691000,1593245000,10850218000,239867000,0.19756158029681561,9.326886909319471
HIG,2017-09-30,Q3,270000000,7715000000,169805000000,1655000000,0.13998703823720027,-10.143884072719109
EBAY,2017-09-30,Q3,1585000000,11283000000,25943000000,6954000000,0.5619072941593548,-14.743091019780973
ROYL,2017-09-30,Q3,-834713,-5347785,6228763,858011,0.6243429756431869,0.0
SEIC,2017-09-30,Q3,282245000,1432541000,1751397000,1118333000,0.7880961173188062,-0.585747829017644
MMSI,2017-09-30,Q3,20717000,666816000,1087151000,536955000,0.12427416258758038,39.34241017944648
OCN,2017-09-30,Q3,-83194000,586808000,8097605000,917806000,-0.5670951997927772,10.985912627457454
BRT,2017-09-30,FY,35628000,165996000,993897000,105771000,0.21463167787175594,15.21531274266791
PHX,2017-09-30,FY,3531933,116707539,206744219,39935912,0.03026310922381801,-24.847245065949203
UG,2017-09-30,Q3,2828907,14907662,16584635,9738931,0.759047797032157,-19.651744716288537
HAIN,2017-09-30,Q1,19846000,1767531000,3031847000,708276000,0.04491236645920213,-35.11961403293909
ZPCM,2017-09-30,Q3,-109839,756500,758794,0,-0.5807746199603437,-93.35548185503913
ASB,2017-09-30,Q3,179254000,3203601000,30064547000,656283000,0.22381563746546465,5.906316936867924
ECPG,2017-09-30,Q3,-1289,-750,0,0,6.874666666666666,-20.598012707546136
ULBI,2017-10-01,Q3,3856000,74704000,93341000,63022000,0.20646819447419149,19.852932204837455
UBIA,2017-08-31,FY,-1789167,1333218,1918724,0,-1.3419913322502397,-66.66666666666666
ZUMZ,2017-10-28,Q3,6865000,326583000,496269000,619156000,0.08408275997219695,35.97701359840949
MMC,2017-09-30,Q3,1482000000,7131000000,19690000000,10339000000,0.8312999579301641,-2.129668118616689
FGEN,2017-09-30,Q3,-104081000,571498000,894892000,83160000,-0.7284784898634816,9.16441749197337
STKL,2017-09-30,Q3,-5883000,357205000,1133094000,320713000,-0.06587813720412648,-14.534888620825095
SSD,2017-09-30,Q3,79532000,916042000,1068383000,745345000,0.34728538647791257,45.06506101644459
PSCO,2017-09-30,Q3,398210000,5626852000,15510793000,3041743000,0.28307835358029676,9.090910630285256
OII,2017-09-30,Q3,-7170000,1494604000,3144683000,1437332000,-0.019189029334860604,6.811146356381004
GPC,2017-09-30,Q3,508574000,3378235000,9494234000,12101725000,0.6021771723991967,3.144130634990918
DOV,2017-09-30,Q3,515217000,4275690000,10493390000,5812998000,0.4819965900240663,18.499451353795358
MSCC,2017-10-01,FY,176300000,1994300000,4323100000,1811800000,0.08840194554480268,31.008188039924693
WRLD,2017-09-30,Q2,22867031,490152309,857069130,259914954,0.18661163544574877,35.129391848979274
LEAI,2017-03-31,Q1,-310000,-42731000,23469000,21965000,0.029018745173293392,13.513508506549263
RDN,2017-09-30,Q3,114272000,2988202000,5844273000,115400000,0.1529642239714718,10.181235736189286
MAC,2017-09-30,Q3,123089000,3746321000,9606911000,736919000,0.13142386891032562,0.34483202662063367
STRM,2017-10-31,Q3,-3137084,9528640,34515474,1055941,-1.3169073445948216,-49.41176528336678
PSTG,2017-10-31,Q3,-165724000,459121000,962556000,536634000,-1.443837245519155,17.346319711095312
ISRG,2017-09-30,Q3,698800000,4957900000,5644600000,1807500000,0.5637870872748543,62.37929978188153
TAP,2017-09-30,Q3,822300000,12488200000,30677700000,8423200000,0.2633846350955302,-25.018285153515755
FSI,2017-10-31,Q2,-100857,-202273,32596,0,1.9944728164411463,-19.576719977187505
YUMM,2017-09-30,FY,-26126,-46785,3379,0,0.5584268462113925,0.0
DLTR,2017-10-28,Q3,674200000,6116500000,15730200000,15884900000,0.4409057467505927,-8.923888281103466
MDRX,2017-09-30,Q3,-169038000,1105394000,3883388000,443057000,-0.6116841596751927,-0.972900208356957
SGLDF,2017-09-30,Q3,-1285699,178570,879837,74888,-28.799887999103994,-53.076920255401326
HTBK,2017-09-30,Q3,22570000,275445000,2843948000,78759000,0.3277605329557625,4.044629829389396
LKFN,2017-09-30,Q3,45703000,462427000,4454236000,121537000,0.3953315874721848,-5.007154603839832
EQBK,2017-09-30,Q3,16375000,291835000,2405426000,72885000,0.2244418935357308,9.8181771231698
THS,2017-09-30,Q3,22800000,2597300000,6685600000,4607200000,0.03511338697878566,-29.51834010265576
FLR,2017-09-30,Q3,183611000,3283308000,9193527000,14493631000,0.2236902538537353,34.9279995846888
CUZ,2017-09-30,Q3,188088000,2765300000,4224200000,352073000,0.27206885328897407,-5.122727300947965
STN,2017-09-30,Q3,17028000,342007000,3927658000,1221595000,0.19915381848909525,-10.288809758022879
GIFI,2017-09-30,Q3,-20488000,243847000,303380000,133745000,-0.3360795908910095,-21.343872653640705
RDFN,2017-09-30,Q3,-13203000,233508000,289085000,274282000,-0.22616784007400176,-25.34929607792764
ASPZ,2017-06-30,Q2,-69824,-379225,2906,0,0.7364915287757927,-65.33333399560713
MOH,2017-09-30,Q3,-250000000,1429000000,8954000000,48000000,-0.6997900629811057,117.04859482058674
THR,2017-09-30,Q2,5792000,327713000,467739000,113367000,0.07069600534614129,42.03857426159597
CTS,2017-09-30,Q3,28069000,346609000,543283000,312083000,0.32392696092715423,37.19999694824219
NI,2017-09-30,Q3,180900000,4363000000,19269500000,3506300000,0.16584918633967455,-2.3128190799461694
MPWR,2017-09-30,Q3,53132000,505523000,605013000,341499000,0.4204121276381094,16.71780122487425
BCO,2017-09-30,Q3,75100000,458400000,2698400000,2443800000,0.6553228621291448,-17.308830750720677
KODK,2017-09-30,Q3,-35000000,-117000000,1618000000,893000000,1.1965811965811965,-56.33802892574833
FN,2017-09-29,Q1,21033000,707463000,1044555000,357313000,0.1189207068072818,24.824599588041533
RLJ,2017-09-30,Q3,67918000,3550229000,6865063000,893771000,0.07652238771076457,-0.27161369636909555
XCUR,2017-09-30,Q3,-8937000,11682000,25371000,7624000,-3.0600924499229585,31.93548058950773
ATEC,2017-09-30,Q3,-11349000,-33515000,79773000,75456000,1.3544979859764286,4.658380609195005
KBH,2017-08-31,Q3,96249000,1840942000,5099559000,2965391000,0.20912989111009472,15.700937711429377
KRED,2017-09-30,Q3,-3366505,-478196,781001,2275308,28.160043162218003,-29.545455315142625
CODX,2017-09-30,Q3,-5454256,5189009,6052171,5064,-4.204468329116407,-56.67215749483119
FICO,2017-09-30,FY,128256000,426537000,1255620000,932169000,0.300691381990308,60.66784045817772
UNF,2017-08-26,FY,70196000,1453192000,1819128000,1590958000,0.048304697521043334,31.994219442492533
FMCB,2017-09-30,Q3,24589000,302629000,3071775000,84920000,0.32500520439217656,13.226770115649606
CLX,2017-09-30,Q1,192000000,592000000,4600000000,1500000000,1.2972972972972974,16.16466529595252
ENTA,2017-09-30,FY,17710000,301676000,326637000,102814000,0.05870536602182474,79.65103979971437
BICX,2017-09-30,Q3,-1102091,-2625963,660372,147593,1.6787608964787395,21.951222348823137
WERN,2017-09-30,Q3,61755000,1050907000,1762941000,1549372000,0.2350541008861869,-2.6170820465735662
GCBC,2017-09-30,Q1,3472000,86855000,1037647000,9089000,0.15989868171089747,2.7199951171875
PDCO,2017-10-28,Q2,71091000,1366940000,3528479000,2689852000,0.20802961358947722,-37.33149479259695
CHH,2017-09-30,Q3,121334000,-200380000,961192000,769785000,-2.422078051701767,30.66667145373774
ROIC,2017-09-30,Q3,30575000,1162283000,2860899000,200506000,0.10522394287793936,-1.7885331325316316
UNP,2017-09-30,Q3,3434000000,19151000000,57397000000,15790000000,0.7172471411414547,41.27190596317993
FXNC,2017-09-30,Q3,5131000,57534000,731503000,20387000,0.35672819550179025,39.61039306864536
HURN,2017-09-30,Q3,-140505000,524377000,1077797000,546643000,-1.0717861385987562,38.959219651346324
FATE,2017-09-30,Q3,-30455000,45749000,72675000,3079000,-2.662790443506962,290.64749682222913
PEBO,2017-09-30,Q3,29470000,457386000,3552412000,93753000,0.25772542229101897,3.059714767501564
CVCO,2017-09-30,Q2,17935000,412968000,649085000,407323000,0.1737180604792623,68.9482470784641
BWXT,2017-09-30,Q3,163898000,307900000,1723512000,1257600000,2.129236765183501,9.163902803459528
GIGA,2017-09-30,Q2,-2339000,-335000,8482000,4233000,27.928358208955224,-61.038961038961034
RRC,2017-09-30,Q3,111961000,5537480000,11637739000,1931998000,0.0808750550792057,-16.797259022333446
RDUS,2017-09-30,Q3,-183220000,305840000,506937000,4449000,-2.3962856395500918,-4.416961249818869
UEC,2017-07-31,FY,-17971056,46135405,72177234,0,-0.38952851936598365,1.2499987892806712
NNUP,2017-09-30,Q3,224200,57800,708500,1103400,15.515570934256056,41.379313179769156
NANX,2017-09-30,Q3,-574000,2370000,5359000,9525000,-0.9687763713080169,13.636359120860423
PBH,2017-09-30,Q2,64464000,895966000,3902193000,514417000,0.28779663514017273,-25.33990268049569
LE,2017-10-27,Q3,-11557000,263097000,1120480000,896044000,-0.17570705861336314,30.80850966433261
SAMG,2017-09-30,Q3,10614000,50102000,109550000,66887000,0.8473913217037244,-13.166140770582011
MITL,2017-09-30,Q3,-26800000,318100000,1646400000,241500000,-0.33700094309965417,30.106258681729393
BMTM,2017-09-30,Q3,-2103981,882370,3581415,1713688,-9.537862801319175,92.30769936149669
BOXL,2016-12-31,FY,-2061983,2114255,19120378,20371826,-0.9752763975963165,-27.468670514069295
ELMD,2017-09-30,Q1,121120,19379055,23205853,6381778,0.025000187057624843,-11.564624702876925
IDT,2017-10-31,Q1,-1797000,139311000,488172000,393555000,-0.0515967870448134,-45.220033209283315
GMED,2017-09-30,Q3,82972000,935264000,1037160000,459943000,0.3548602319772813,86.83344269092117
CWST,2017-09-30,Q3,-41820000,-60501000,592420000,448087000,2.764912976645014,66.18511812957786
JKHY,2017-09-30,Q1,63411000,1037813000,1796345000,359934000,0.24440241160979867,55.65928386957207
UAMY,2017-09-30,Q3,-670823,10840180,17539162,7827525,-0.2475320520507962,203.57143579393014
ALGN,2017-09-30,Q3,221154000,1181958000,1697623000,1052090000,0.7484326854253704,108.96271694791619
SJM,2017-10-31,Q2,321400000,7036300000,15702000000,3672500000,0.18270966274888792,3.3474731920853436
SOHO,2017-09-30,Q3,3085751,70669669,416445537,116106987,0.17465773046142327,22.448973964853856
DYNR,2017-09-30,Q3,2913316,5842033,11478546,7233329,1.9947275203683374,-23.333334922790527
ESND,2017-09-30,Q3,-265434000,509878000,1777488000,3839018000,-2.0823334209359885,-6.011734808349573
RMBL,2017-09-30,Q3,-5132623,3179988,8047476,3861553,-6.456153922593419,5.326636232922425
FLGT,2017-09-30,Q3,-886000,55271000,58670000,14449000,-0.06412042481590707,-17.78242899042106
PRKA,2017-10-01,FY,1260654,6786808,10307593,6164130,0.18575065037938307,-36.000001430511475
CSGP,2017-09-30,Q3,78491000,1762427000,2280596000,711239000,0.17814298124120886,54.89712048561465
JSDA,2017-09-30,Q3,-463000,1613000,5104000,11116000,-1.148171109733416,2.750001806765768
GLBZ,2017-09-30,Q3,1064000,34636000,389884000,10141000,0.12287793047696038,13.61111334321917
BCPC,2017-09-30,Q3,48096000,585939000,958838000,435526000,0.3283345194636302,35.39074175425941
RCAR,2017-09-30,Q3,-2693646,204551,1314919,0,-52.674315940767826,-51.51515009208376
LPSN,2017-09-30,Q3,-14519000,140397000,223568000,161486000,-0.4136555624407929,82.10526851185581
RLJE,2017-09-30,Q3,-9943000,9839000,144404000,53620000,-4.042280719585324,75.63738978797159
GEO,2017-09-30,Q3,109761000,1214310000,4369341000,1694443000,0.36155841589050575,-4.877129974736465
ESGR,2017-09-30,Q3,197994000,3021345000,14759430000,808057000,0.2621269666324104,-8.089048097773556
ATNI,2017-09-30,Q3,1519000,644628000,1184018000,373492000,0.009425591193680697,39.47516622775204
ECPG,2017-09-30,Q3,76199000,571309000,4173786000,869557000,0.5335046358450506,-20.598012707546136
GKIT,2017-09-30,Q3,-916793,-2505981,2381205,600921,1.4633678387824967,-60.27805389647985
CSCO,2017-10-28,Q1,2394000000,65550000000,130522000000,9054000000,0.14608695652173914,29.99412106306779
RELL,2017-09-02,Q1,-112000,133665000,157121000,36995000,-0.0033516627389368944,62.9963861940321
PED,2017-09-30,Q3,-13091000,-13920000,56202000,2290000,3.761781609195402,287.0403004658766
NDSN,2017-10-31,FY,295802000,1155493000,3414539000,2066982000,0.2559963582643945,-5.0753809939735675
PM,2017-09-30,Q3,5545000000,-11407000000,41951000000,56513000000,-1.9444200929253967,-26.454407057330837
GKOS,2017-09-30,Q3,-1098000,132101000,152611000,117604000,-0.03324728805989357,94.02092689272558
STCB,2017-09-30,Q3,-3999121,-982542,341166,3027,16.2807126820024,-18.055552060221356
MRO,2017-09-30,Q3,-5695000000,11775000000,22947000000,3026000000,-1.9346072186836518,71.30243138527403
FMFG,2017-09-30,Q3,3132902,41747648,397955903,12330389,0.30017518591706055,14.18312368437239
XEL,2017-09-30,Q3,958674000,11439377000,42468794000,8608247000,0.3352189546685978,-0.3167261907638577
BMRN,2017-09-30,Q3,-65650000,2813562000,4580697000,916868000,-0.09333364610411997,3.4567350343851824
CIX,2017-09-30,Q3,8951000,132954000,150182000,86943000,0.26929614753975056,-3.54609919484188
CREG,2017-09-30,Q3,431357,211199460,283208821,0,0.008169661039853037,12.621360841374058
K,2017-09-30,Q3,841000000,1927000000,15641000000,9714000000,1.7457187337830826,11.639027090547991
M,2017-10-28,Q3,216000000,4231000000,20215000000,16171000000,0.20420704325218625,71.81527956324551
SRCL,2017-09-30,Q3,-46566000,2807383000,7016362000,2692906000,-0.06634791191654292,-19.24030092531342
SGC,2017-09-30,Q3,13138000,124700000,205325000,194365000,0.42142742582197273,-19.235664229525888
DYNT,2017-09-30,Q1,198647,12594823,31748310,12797971,0.06308846102878937,23.91304347826087
PEBK,2017-09-30,Q3,8258000,116153000,1121553000,31223000,0.28438352862173166,-15.22180365212317
HAL,2017-09-30,Q3,357000000,9217000000,25790000000,10971000000,0.15493110556580234,-10.981770555797972
SHLM,2017-08-31,FY,34173000,197018000,1753780000,2461124000,0.17345115674709924,44.73684392147119
OWCP,2016-12-31,FY,-2287329,100988,496768,50000,-22.64951281340357,152.69593804629133
TXN,2017-09-30,Q3,3338000000,10988000000,16929000000,11211000000,1.215143793228977,19.676518783500935
PRSNX,2017-09-30,Q1,-71061,-226495,10031,0,1.2549681008410782,-3.6617268222849155
CWGL,2017-09-30,Q3,1441000,208989000,255099000,43361000,0.027580398968366757,-15.566042573819338
CE,2017-09-30,Q3,645000000,2715000000,9062000000,4547000000,0.9502762430939227,8.128615830425545
VAC,2017-09-30,Q3,118738000,949222000,2823036000,99326000,0.5003592415683581,-10.87095035252635
EZPW,2017-09-30,FY,30208000,662375000,1024363000,414838000,0.04560558595961502,10.309278553230808
VIDE,2017-08-31,Q2,-487000,7019000,9736000,7058000,-0.2775324120245049,0.0
ACAN,2017-09-30,FY,-2771894,2284300,6063558,40000,-1.213454449940901,66.12021259901455
CLRO,2017-09-30,Q3,-10564000,61584000,74372000,32549000,-0.6861522473369707,-70.66666603088379
TITN,2017-10-31,Q3,-8734000,319155000,818290000,90807000,-0.10946405351631652,-6.1786437547431525
FMI,2017-09-30,Q3,-123355000,63437000,150559000,103990000,-7.7781105663887,252.1850761595944
CB,2017-09-30,Q3,2328000000,50471000000,167578000000,24228000000,0.1845019912424957,-8.144893570763116
BLKB,2017-09-30,Q3,35224000,276892000,1146994000,571329000,0.5088482151885934,15.963890846391985
CBT,2017-09-30,FY,266000000,1480000000,3314000000,2717000000,0.17972972972972973,9.287335577173872
PRO,2017-09-30,Q3,-60946000,-35411000,292629000,24800000,6.884414447488068,41.72400548476606
PCH,2017-09-30,Q3,74865000,191190000,970993000,503351000,1.5662953083320257,-20.869563743112167
VSPC,2017-09-30,Q3,-796000,-827000,57000,101000,3.8500604594921404,-50.0
PMCB,2017-10-31,Q2,-3502713,7348409,7915371,0,-1.9066510859697656,-5.607478269221888
FFWM,2017-09-30,Q3,25309000,340453000,4051061000,98890000,0.2973567570266674,-13.653953820865276
CAR,2017-09-30,Q3,141000000,401000000,19873000000,6829000000,1.4064837905236909,-17.71633830093624
BNET,2017-09-30,Q1,-517738,-15637102,10405,0,0.13243835078904007,-5.2631529414422
LAKE,2017-10-31,Q3,5358000,87093000,100363000,70831000,0.24608177465467948,-17.350157311131873
SHEN,2017-09-30,Q3,5795000,299345000,1447072000,458920000,0.07743573468740082,0.12919699244147814
CEIX,2017-09-30,Q3,107209000,657562000,2588529000,1059585000,0.6521605567231683,83.4157365091731
PTGX,2017-09-30,Q3,-33905000,57836000,110415000,8781000,-2.3449062867418218,-42.51396546846455
TECH,2017-09-30,Q3,-58278,44136,44136,29250,-5.2816748232735184,66.43020354383637
KFRC,2017-09-30,Q3,27145000,142279000,406198000,1015354000,0.7631484618250058,83.41462670302973
BRVO,2017-09-30,Q3,-384611,508987,4027165,1667500,-3.022560497615853,-93.02325608594602
LRN,2017-09-30,Q1,-8159000,566872000,762439000,228785000,-0.05757207976403844,-1.3927576009699318
MGRC,2017-09-30,Q3,36196000,412782000,1156415000,67166000,0.3507517285152938,22.54218287014728
WATT,2017-09-30,Q3,-38140398,19251068,23108950,1124874,-7.924837832373767,-20.502753713920846
RF,2017-09-30,Q3,928000000,16624000000,123271000000,2968000000,0.22329162656400384,20.485889251545352
JYNT,2017-09-30,Q3,-3062035,4693372,15648006,18234516,-2.609667420353639,77.75468383465508
CALX,2017-09-30,Q3,-70166000,150383000,319642000,305395000,-1.8663279759015314,55.769243818768864
TDG,2017-09-30,FY,596887000,-2951204000,9975661000,3504286000,-0.20225203001893466,44.20171909312034
PKE,2017-08-27,Q2,1914000,181107000,308144000,57253000,0.042273352217197566,18.55555640326606
TG,2017-09-30,Q3,56180000,373914000,811948000,715494000,0.6009938114111801,16.39784502423512
VTNR,2017-09-30,Q3,-7953156,29091440,82285706,104153844,-1.0935389929133794,118.39081159755673
NR,2017-09-30,Q3,3302000,521760000,925923000,543374000,0.025314320760502912,2.9850764680724553
LTDH,2017-09-30,Q3,-51089,-290696,10067,8205,0.7029886892148499,-78.125
TPHS,2017-09-30,Q3,-3909000,64351000,122509000,1462000,-0.24297990707215117,-15.06276028192581
SAFT,2017-09-30,Q3,51078000,702839000,1854610000,625548000,0.290695308598413,14.21287694024409
CRIS,2017-09-30,Q3,-45289000,30447000,82368000,6636000,-5.949880119552009,-77.61006271578381
CHFN,2017-09-30,FY,14436105,214198505,1640158560,55861362,0.06739591856628505,33.637342613034974
ALSN,2017-09-30,Q3,289000000,555000000,4261000000,1674000000,2.082882882882883,39.549229092373295
BAH,2017-09-30,Q2,150453000,536283000,3529635000,3035655000,1.1221910819474046,31.6794982129423
XDSL,2016-03-31,Q3,-894354,-4440236,105405,494938,0.8056814998121722,-50.0
USM,2017-09-30,Q3,-259000000,3395000000,6780000000,2223000000,-0.30515463917525776,26.81958945821254
SMSI,2017-09-30,Q3,-6501000,4562000,15634000,17242000,-5.7001315212626045,123.00884881065524
BSPM,2017-06-30,Q2,-2328536,35486340,40777321,0,-0.26247124950051204,45.75163795904343
AMT,2017-09-30,Q3,1030584000,6518127000,32319326000,71850000,0.632441804217684,6.9483309281591366
HR,2017-09-30,Q3,60243000,1864262000,3145704000,316768000,0.12925865570397294,-9.913791129113998
ECYT,2017-09-30,Q3,-46500131,101753466,106845171,57500,-1.8279527107214215,389.25618922789425
KW,2017-09-30,Q3,32600000,1013400000,8536600000,629100000,0.1286757450167752,13.756616052629905
MCOA,2017-09-30,Q3,-23085618,-2926098,487336,19950,31.55822942362149,-13.000033379269565
CRTO,2017-09-30,Q3,22269000,796743000,1358194000,563973000,0.11180016642756824,-46.73786696865394
ALRM,2017-09-30,Q3,28931000,229914000,374658000,79066000,0.5033360299938238,21.816644369739056
SABR,2017-09-30,Q3,164167000,645089000,5666488000,2716622000,1.0179494612371316,43.770676963685936
CACI,2017-09-30,Q1,42046000,1834351000,3966013000,1085814000,0.09168583330016992,29.50070172189322
UVV,2017-09-30,Q2,31627000,1288381000,2139510000,772870000,0.09819145113130355,12.068965517241379
FNEC,2017-06-30,Q2,-23336,-711703,1889,0,0.1311558332619084,-26.666665077209473
UBCP,2017-09-30,Q3,2766000,44116000,454511000,13060000,0.2507933629522169,9.583330154418945
BMXC,2017-08-31,Q1,-128793,-373657,619528,1642,1.378729690598597,-89.09090913418856
DRRX,2017-09-30,Q3,-11930000,10039000,57754000,7304000,-4.753461500149418,-41.176472988170566
HY,2017-09-30,Q3,51200000,550400000,1606700000,2089700000,0.37209302325581395,-21.256719657143954
ZBRA,2017-09-30,Q3,13000000,814000000,4526000000,2324000000,0.06388206388206388,60.93011125876612
CNO,2017-09-30,Q3,246500000,4881700000,32704600000,3207100000,0.20197881885408772,-10.4641408006325
HES,2017-09-30,Q3,-1306000000,13132000000,26600000000,3863000000,-0.3978068839476089,54.633831098163064
HBAN,2017-09-30,Q3,754403000,10698849000,101988126000,2539771000,0.28205015324545657,6.267807099942284
PRU,2017-09-30,Q3,4109000000,50373000000,821131000000,43424000000,0.3262859071327894,-5.5555547653705135
NLST,2017-09-30,Q3,-10287000,-5263000,20743000,29840000,7.818354550636519,-38.88889164836307
OWCP,2017-06-30,Q2,-1880494,1237157,1412776,0,-6.080049662249819,-62.41935587760437
FIS,2017-09-30,Q3,355000000,9985000000,24294000000,6794000000,0.14221331997996994,16.8648854119407
SUP,2017-10-01,Q3,-1562000,484037000,1563355000,746252000,-0.012908104132535323,0.2941131591796875
KRNY,2017-09-30,Q1,5232000,1014233000,4808150000,37592000,0.020634311839587156,-10.355983479274311
SEDG,2017-09-30,Q3,64670000,369453000,549206000,417705000,0.7001702516964269,30.956527046535324
SHW,2017-09-30,Q3,874869000,2740989000,20779657000,11004224000,1.276720191142686,26.64774802632953
KMPR,2017-09-30,Q3,84000000,2082400000,8301000000,2026100000,0.16135228582404917,47.61467329952695
OTTW,2017-09-30,Q3,1277596,52913088,245731732,7052694,0.09658071742099043,-0.9298938842869667
ODFL,2017-09-30,Q3,266524000,2087016000,2956170000,2466995000,0.5108231082080827,47.041122658393505
INN,2017-09-30,Q3,89734000,1204516000,2043878000,383632000,0.29799189051868136,-15.437501668930054
GTN,2017-09-30,Q3,96382000,588903000,3013610000,649119000,0.6546545016751485,11.821088987626853
VRTS,2017-09-30,Q3,34296000,584187000,2741558000,297583000,0.23482891608337741,-1.9396551724137931
PPG,2017-09-30,Q3,1460000000,5902000000,17615000000,11068000000,0.989495086411386,-1.6846871590829111
RSLS,2017-09-30,Q3,-24200665,51047430,55183354,243120,-1.8963277877064526,-72.10743801652893
IDCC,2017-09-30,Q3,121791000,820101000,1936122000,327634000,0.5940292720043019,7.023411371237458
HMMR,2017-10-31,Q1,-1494138,1913801,5669289,37293,-3.122870141670947,-96.77832507958718
AIRT,2016-03-31,FY,3757957,34230608,52154752,148211938,0.10978353057591031,-16.514899819196614
FTI,2017-09-30,Q3,261700000,13729400000,29628200000,9301000000,0.0762451381706411,12.97903231815581
PENN,2017-09-30,Q3,811523000,260012000,5569401000,2378934000,12.484393028014091,41.22693660737248
DBS,2017-09-30,Q3,469216,20473666,20696231,130352,0.09167210210423478,-13.085938795120436
BMNM,2017-09-30,Q3,1936380,74104793,289829081,4075160,0.10452117449407085,-19.35483760703627
ZGSI,2017-09-30,Q3,-5758118,-1053211,782750,65545,21.86881071314295,-77.77777777777779
TRN,2017-09-30,Q3,173600000,3987900000,9564900000,2756400000,0.17412673336843953,3.766645768326139
CUBI,2017-09-30,Q3,57222000,910642000,10471829000,275232000,0.25134795012749245,-28.718564425686953
CAPR,2017-09-30,Q3,-9873748,-4270774,15793539,2190541,9.247736358795853,-69.56521739130434
CXW,2017-09-30,Q3,136700000,1458681000,3242766000,1324922000,0.37485920499410086,-6.9954125931965105
FIVN,2017-09-30,Q3,-8338000,37772000,118715000,144822000,-0.8829821031451869,76.73948155454164
YELP,2017-09-30,Q3,10724000,925296000,1027115000,628567000,0.046359219103940794,11.589931033492245
PKBK,2017-09-30,Q3,11320000,135389000,1099442000,35702000,0.3344437140388067,-0.6637184572663125
UEIC,2017-09-30,Q3,6531000,285619000,597208000,514638000,0.09146450341188786,-39.969494062341056
CIIT,2017-10-31,Q1,-24320,-16428,40400,0,5.921597272948624,69.99999006589293
SHAK,2017-09-27,Q3,19916000,176819000,599937000,253258000,0.45053981755354344,87.84529565190104
ASPZ,2017-09-30,Q3,-109385,-418786,1992,0,1.044781821741892,-90.00000062088169
NWLI,2017-09-30,Q3,70834000,1802682000,12138291000,626633000,0.15717469858799277,-9.840694694670363
XRX,2017-09-30,Q3,182000000,5356000000,16817000000,981000000,0.13592233009708737,-19.36640681273484
ACAD,2017-09-30,Q3,-220532000,377326000,413714000,81339000,-2.3378404880660226,-45.97970319015099
CCK,2017-09-30,Q3,489000000,798000000,10496000000,6530000000,2.4511278195488724,-19.732440447503546
AIR,2017-11-30,Q2,-12000000,906500000,1544300000,498600000,-0.052950910093767234,3.5594023017357515
SCIA,2017-09-30,Q3,3520,2424702,4253821,5261428,0.005806899157092294,137.49998261531263
CSSE,2017-09-30,Q3,-1355071,29891107,33373010,2258281,-0.18133433465679274,42.45810093071156
ESE,2017-09-30,FY,53703000,671918000,1260444000,685740000,0.07992493131602368,11.37480319345735
SUPN,2017-09-30,Q3,43626000,251663000,385478000,207763000,0.6934034800507027,23.105126150821373
LARK,2017-09-30,Q3,1927000,87003000,930129000,22165000,0.08859464616162661,0.8695631137444485
SINC,2017-09-30,Q3,220360,56126,1922064,1996918,15.704664504864056,6.666666666666667
CENX,2017-09-30,Q3,12775000,773094000,1563463000,279154000,0.06609804241140146,-29.00355970521396
FRAF,2017-09-30,Q3,9439000,124580000,1165549000,29547000,0.3030663027773318,-0.6571415492466518
SNPS,2017-10-31,FY,136563000,3275620000,5396414000,2724880000,0.041690733357349144,1.4909858594298993
WBA,2017-08-31,FY,4101000000,27466000000,66009000000,118214000000,0.14931187650185684,-16.80981220643213
TCS,2017-09-30,Q2,-8552000,222881000,771953000,401478000,-0.15348100555902028,160.56337523679554
GMS,2017-10-31,Q2,33366000,547683000,1430727000,1290161000,0.24368841099687227,-52.716591065452256
GNRC,2017-09-30,Q3,78644000,473147000,2000974000,1184443000,0.6648589127691816,16.02221531604909
JCTCF,2017-08-31,FY,2726657,19724371,22181035,47701056,0.13823796966706822,28.315411206254463
PVH,2017-10-29,Q3,428200000,5249800000,11658200000,6058700000,0.3262600480018286,-6.917397547403664
ICGL,2017-09-30,Q3,1660726736,-326736,0,0,-20331.11424513981,-43.009997558593746
ESRX,2017-09-30,Q3,2200800000,15916500000,51206200000,74685800000,0.5530864197530864,49.31636105824245
GNBC,2017-09-30,Q3,31517000,462311000,4160925000,127022000,0.27269089422488324,-5.150209849286709
CBRL,2017-10-27,Q1,46380000,547702000,1521932000,710368000,0.3387243427995516,1.5811256812462922
RGNX,2017-09-30,Q3,-57172000,194651000,209255000,8353000,-1.1748616755115566,125.37313432835822
GNE,2017-09-30,Q3,-7834000,86709000,120210000,191126000,-0.36139270433288356,-18.552036166551524
WM,2017-09-30,Q3,1046000000,5278000000,20949000000,10833000000,0.7927245168624479,14.713729162390852
TCBK,2017-09-30,Q3,37565000,506733000,4656435000,134441000,0.29652696785091953,-5.458995411343911
ESNC,2017-09-30,Q1,-3985024,13522627,18771287,2362048,-1.178772142424693,-50.0
EXLS,2017-09-30,Q3,58243000,596159000,769004000,564435000,0.390788363507051,11.748820463881113
TCCO,2017-09-30,FY,-1429006,3500354,3934824,4209127,-0.40824613739067533,-10.78430831730241
CWAY,2017-09-30,Q3,2363000,70926000,699653000,17664000,0.13326565716380454,41.000003814697266
HPE,2017-10-31,FY,344000000,23466000000,61406000000,17597000000,0.014659507372368534,7.255748730934906
CAGU,2017-09-30,Q3,4768,2298956,13202316,19395252,0.00829593954821232,60.00000238418579
LNN,2017-08-31,FY,23179000,270055000,506032000,517985000,0.08583066412397475,9.056259668387048
BIOL,2017-09-30,Q3,-13009000,21165000,37351000,34292000,-2.458587290337822,-29.830508474576273
TTI,2017-09-30,Q3,-27209000,235974000,1301410000,227791000,-0.4612203039317891,62.81589386052359
FUSB,2017-09-30,Q3,1455000,78854000,614599000,23013000,0.07380728942095519,-9.507918360386453
ATRI,2017-09-30,Q3,27947000,178451000,202126000,112571000,0.626435267944702,2.621667575515513
X,2017-09-30,Q3,228000000,2807000000,9878000000,8176000000,0.32490203063769146,16.64753356747565
SVU,2017-09-09,Q2,-25000000,370000000,4395000000,3800000000,-0.2702702702702703,63.502527091611014
NFX,2017-09-30,Q3,332000000,1301000000,4744000000,1258000000,1.0207532667179093,-3.867955506052541
ACCA,2017-09-30,Q3,-1373536,-43053,919621,344133,127.61349963997863,-54.165859725471364
BGNE,2017-09-30,Q3,5981000,750140000,1049059000,8822000,0.03189271336017277,68.20002172801503
SYNT,2017-09-30,Q3,123865000,-63616000,461030000,684020000,-7.788292253521127,108.44353947251236
KALV,2017-10-31,Q2,-9914000,31079000,34741000,1223000,-1.2759741304417773,45.64023238189646
SFST,2017-09-30,Q3,10965000,147449000,1557684000,44845000,0.29745878235864603,6.938773434178359
IINX,2017-06-30,FY,51462,62054,809212,6816908,0.8293099558449093,-7.407409042651405
SSKN,2017-09-30,Q3,-17111000,23917000,39864000,23454000,-2.8617301501024377,92.39129878453822
VC,2017-09-30,Q3,162000000,615000000,2279000000,2349000000,1.053658536585366,-26.69454820084939
PLXS,2017-09-30,FY,112062000,1025939000,1976182000,2528052000,0.10922871632718904,2.7031719638974434
BDC,2017-10-01,Q3,62417000,1441662000,3704848000,1783759000,0.1731806761917842,-13.703923066937312
SVT,2017-09-30,Q3,802000,27524000,36761000,30044000,0.11655282662403721,25.75406376452431
MEI,2017-10-28,Q2,44700000,606800000,898300000,431300000,0.2946605141727093,-39.0977425432501
RMD,2017-09-30,Q1,86125000,2049528000,3489617000,523659000,0.1680874816055209,48.99882557988718
LBUY,2017-09-30,Q1,-229814,-13349,317276,231515,68.86328563937374,-19.65811691497351
IONS,2017-09-30,Q3,-12636000,307968000,1252561000,335367000,-0.1641209476309227,-2.513698771863583
MRIN,2017-09-30,Q3,-24220000,68939000,88396000,57299000,-1.4053003379799534,-76.55677555228924
SHBI,2017-09-30,Q3,8564000,162648000,1376127000,34833000,0.21061433279228764,5.132736830236527
SRAX,2017-09-30,Q3,-6836958,4246009,25375944,16861449,-6.440832320421365,29.065739919658718
BMI,2017-09-30,Q3,27338000,274130000,386093000,305790000,0.3989056287163025,4.955401312573416
PKOH,2017-09-30,Q3,23800000,265500000,1102300000,1046900000,0.35856873822975516,-17.25997899323922
ZEUS,2017-09-30,Q3,14776000,268462000,624898000,1022530000,0.2201577876943478,-7.037861336353826
WSO,2017-09-30,Q3,204634000,1332035000,2148219000,3377610000,0.6145003697350295,9.109851599088044
AMSWA,2017-10-31,Q2,5205000,107245000,148638000,25091000,0.19413492470511445,-7.574533375834984
PSA,2017-09-30,Q3,1057502000,8936190000,10765694000,1996220000,0.4733569899476175,-5.903487945001137
BRKL,2017-09-30,Q3,45813000,804762000,6686284000,194713000,0.22770955885093977,6.70927265177651
ASPZ,2017-06-30,Q2,-69824,-379225,2906,0,0.7364915287757927,-65.33333399560713
DDG,2017-09-30,Q3,-22745,-27330,314,0,3.328942553969996,-15.291257622546961
POWL,2017-09-30,FY,-9486000,321296000,414986000,395911000,-0.0295241770828146,20.745912395727007
MSN,2017-09-30,Q2,-1932000,51343000,52490000,6338000,-0.15051711041427263,8.148149063884787
DLYT,2017-09-30,Q3,-2002636,-2174051,432818,249086,3.684616414242352,71.49321661395567
INOD,2017-09-30,Q3,-3218000,32703000,48896000,45271000,-0.3936030333608537,-1.9999980926513672
MOV,2017-10-31,Q3,18683000,487441000,659566000,418739000,0.1533149652983643,45.59567047020894
TACO,2017-09-12,Q3,14669000,382473000,729821000,311542000,0.1534121362815153,-10.142857687813896
BCBP,2017-09-30,Q3,8643000,177568000,1871740000,56930000,0.1946972427464408,-2.8070148668791117
UTGN,2017-09-30,Q3,-2457405,97271084,405348085,16607620,-0.10105387537369276,71.48051076121145
IGXT,2017-09-30,Q3,-782000,4790000,15166000,1254000,-0.653027139874739,79.16665424903283
XXII,2017-09-30,Q3,-9293535,28003580,31660924,10659588,-1.3274781295820035,3.3088292011341247
FNWB,2017-09-30,Q1,1773000,177928000,1150299000,10043000,0.03985881929769345,-13.092549575189741
PRGO,2017-09-30,Q3,46400000,6041700000,11842600000,3663100000,0.03071983051127994,-17.903519474109643
AMRN,2017-09-30,Q3,-45400000,-46109000,166613000,126343000,3.9384935695851135,366.18912359038427
ESOA,2017-09-30,FY,-387756,21130819,58697201,140495726,-0.018350258927493535,12.745097810055187
PRGS,2017-08-31,Q3,20988000,391602000,725816000,203050000,0.21438092757442506,20.458602016904628
EME,2017-09-30,Q3,173995000,1617012000,3966321000,5674360000,0.4304111534113538,6.675183502044691
BUKS,2017-10-31,Q2,615000,23906000,40545000,14781000,0.10290303689450347,-8.82352966957026
SENS,2017-09-30,Q3,-42826000,22250000,60138000,3464000,-7.699056179775281,34.74576362508314
TXRH,2017-09-26,Q3,107526000,818743000,1212719000,1674455000,0.525322353901041,43.61524952065215
TSOI,2017-09-30,Q3,-700573,-1093205,91615,1923,2.563372834921172,51.51514894952457
SOI,2017-09-30,Q3,13250000,62294000,217189000,7631000,0.850804250810672,7.942853655133929
INLX,2017-09-30,Q3,-1034681,-2507565,839985,2121987,1.6504952015202,-60.0
HRB,2017-10-31,Q2,-284133000,-412773000,1716561000,252618000,2.753406836202949,7.51819170395852
TGNA,2017-09-30,Q3,-88579000,705875000,5243056000,1412703000,-0.5019528953426599,-9.462528360259894
GAIA,2017-09-30,Q3,-17696000,81263000,90834000,19864000,-0.8710483245757602,27.27272010763121
UNAM,2017-09-30,Q3,-5949007,62954310,138078496,27495192,-0.37798886208108706,-28.06122394364758
PFIS,2017-09-30,Q3,15809000,266296000,2092236000,54891000,0.2374650764562742,-11.721835095787583
HAYN,2017-09-30,FY,-10190000,333772000,621819000,395209000,-0.030529822753256716,-3.4539038399590836
CORT,2017-09-30,Q3,30792000,86302000,110672000,105921000,1.4271743412667146,-28.940695473657613
WK,2017-09-30,Q3,-14073000,-14472000,155590000,8854000,3.8897180762852406,85.88235294117646
IBCP,2017-09-30,Q3,18764000,267710000,2753446000,72283000,0.28036307945164546,4.185016844324563
BYD,2017-09-30,Q3,107043000,1034110000,4655369000,1792875000,0.41404879558267493,29.9923090783639
ALK,2017-09-30,Q3,661000000,3491000000,10739000000,5971000000,0.7573761099971354,-10.606255093361288
GPK,2017-09-30,Q3,126300000,1133700000,4839800000,3293800000,0.4456205345329452,-0.35562012263600185
ELRA,2017-09-30,Q3,-361691,-10087542,175015,483049,0.14342086506306492,0.0
STRT,2017-10-01,Q1,3269000,154085000,283696000,102460000,0.08486225135477171,-12.942610838379151
VZ,2017-09-30,Q3,11767000000,28451000000,254682000000,79665000000,1.654353098309374,8.164503098591375
AOXY,2017-09-30,Q1,-3122,304371,688238,9704,-0.04102887594416025,49.8501510398621
INGR,2017-09-30,Q3,429000000,2831000000,5893000000,4395000000,0.6061462380784175,-14.304379320927843
APTY,2017-10-31,Q3,-1282632,-629922,120381,22,8.144703629973234,-62.844036109341026
EMKR,2017-09-30,FY,8200000,120774000,144084000,122895000,0.06789540795204266,-42.771085652475804
OFED,2017-09-30,Q1,857000,86269000,474696000,4165000,0.039736174060207026,-5.420828844987524
TBI,2017-10-01,Q3,39029000,543773000,1132350000,1839146000,0.2870977411530179,12.77055760551952
AWRE,2017-09-30,Q3,1863000,60589000,65134000,924000,0.12299262242321213,-22.58064880000599
CAFD,2017-08-31,Q3,30485000,261856000,1644351000,54319000,0.4656757912745937,-13.869625446728955
ROK,2017-09-30,FY,825700000,2663600000,7161700000,5628900000,0.3099939930920559,3.774215517099428
SYNA,2017-09-30,Q1,-26500000,745800000,1477100000,417400000,-0.14212925717350497,18.033627764125583
INQD,2017-09-30,Q3,-2000196,660736,1038726,4245,-12.1088967454475,-45.37815224262063
MKTX,2017-09-30,Q3,114616000,510908000,562347000,297906000,0.8973513822449443,-3.92916091111868
APYP,2017-09-30,Q1,-406633,-615189,28784,934,2.6439549471788344,-80.00000074505806
ITIC,2017-09-30,Q3,16066818,172051236,253197720,121070376,0.37353566004024524,-8.115800458490172
AGTK,2017-09-30,Q3,-4039592,-3216131,877580,48000,5.024163505777595,-30.136989433158213
STJO,2016-06-30,Q2,12957,-784850,32520,0,-0.0660355481939224,-34.98818123052589
CEVA,2017-09-30,Q3,13865000,238956000,267175000,65906000,0.2320929376119453,-33.29466121150187
MDT,2017-10-27,Q2,3022000000,51469000000,94458000000,14440000000,0.23485981853154325,10.393599792195195
PYPL,2017-09-30,Q3,1175000000,15432000000,37761000000,9350000000,0.30456194919647483,36.86506064227424
SM,2017-09-30,Q3,-134585000,2412041000,6178926000,788838000,-0.22318857764026398,78.23629019084807
MCS,2017-09-28,Q3,30060000,415203000,983860000,464547000,0.2895932832855254,46.453894041510665
LINK,2017-09-30,Q3,1265000,11065000,11602000,8797000,0.45729778581111613,-41.484715460088175
STAA,2017-09-29,Q3,-2001000,40662000,72703000,65759000,-0.19684226058728052,285.5421745812317
RGRX,2017-09-30,Q3,-1130934,-6029933,224094,39281,0.7502133108278317,-41.310727240874996
ROP,2017-09-30,Q3,527900000,6458984000,14246673000,3380888000,0.32692448224055054,19.5359111408925
VRSN,2017-09-30,Q3,354411000,-1229938000,2908363000,869594000,-1.1526141968131727,50.36153472556711
D,2017-09-30,Q3,1787000000,16280000000,75391000000,9376000000,0.4390663390663391,-8.418033964426979
GBR,2017-09-30,Q3,-399000,3322000,7028000,632000,-0.48043347381095725,79.5454387411933
MPAA,2017-09-30,Q2,13927000,274096000,461464000,206837000,0.2032426595061584,-18.00699143300368
AIRT,2017-03-31,FY,-4944186,22965532,65335189,148471659,-0.21528724002561753,25.43381306413713
WSCI,2017-08-27,FY,-814297,13436574,24485368,30641082,-0.060603022764582695,81.96722221323267
MCBC,2017-09-30,Q3,14098000,173464000,1803046000,42516000,0.3250933911359129,12.48799433035572
WWW,2017-09-30,Q3,60100000,1001700000,2418700000,1771400000,0.23999201357691924,32.64265804576198
CMCT,2017-09-30,Q3,357698000,711014000,1591304000,183632000,2.0123260582773335,-17.159764560198894
SCX,2017-09-30,Q1,426000,93670000,195219000,51818000,0.018191523433329776,-33.33333333333333
SNX,2017-08-31,Q3,210100000,2216871000,5739360000,10289463000,0.3790928745966725,-17.67410691562098
SRC,2017-09-30,Q3,41357000,3259165000,7434787000,503607000,0.05075778612006449,4.707183417805866
CDXS,2017-09-30,Q3,-23966000,22092000,44101000,28301000,-4.33930834691291,150.3649614203928
ALL,2017-09-30,Q3,1940000000,22119000000,113632000000,28681000000,0.35082960350829606,6.841307515399807
ANDR,2017-09-30,Q3,-821258,652072,8370179,460912,-5.037836312554441,-12.49999767169351
TPL,2017-09-30,Q3,58001587,67839042,115686411,94053776,3.4199531886078227,110.26766003409143
LCUT,2017-09-30,Q3,903000,208099000,453724000,396706000,0.017357123292279154,-41.866668701171875
ACRL,2017-09-30,Q4,-11050259,-10357406,10448,36,4.26757780857485,-95.23809518859892
MIDD,2017-09-30,Q3,222942000,1311502000,3201143000,1702683000,0.6799593138249121,2.642445285791424
HUBG,2017-09-30,Q3,35210000,667482000,1599863000,2872321000,0.21100194462172764,5.923343280492613
PLUG,2017-09-30,Q3,-107641000,86753000,275683000,55936000,-4.963102140559981,-30.181819742376153
HCMC,2017-09-30,Q3,-7300896,809230,12175070,9748742,-36.088113391742766,100.0
OVLY,2017-09-30,Q3,7505000,89676000,996721000,25930000,0.3347606940541505,19.01877253857009
MITK,2017-09-30,FY,14092000,61408000,71719000,45390000,0.2294815007816571,-27.31958423338397
AXTI,2017-09-30,Q3,6788000,176391000,199622000,72341000,0.1539307561043364,-22.702701671703444
EBMT,2017-09-30,Q3,3550000,63346000,702570000,20489000,0.22416569317715404,-5.2713999839527865
BOXL,2017-09-30,Q3,-1905189,5863218,20274937,20407258,-1.2997565500719912,-63.408520434653205
MCFT,2017-10-01,Q1,7046000,19028000,94990000,65049000,1.4811856211898256,70.4513176653472
VMI,2017-09-30,Q3,123949000,1112834000,2610171000,1807539000,0.4455255680541752,-13.002510895130232
GWW,2017-09-30,Q3,460628000,1767497000,5825060000,7792397000,1.0424413733092617,96.14202681802081
KWR,2017-09-30,Q3,31659000,440176000,764527000,609010000,0.2876940133037694,35.04976456542819
ATLC,2017-09-30,Q3,-22522000,-16860000,429067000,81635000,5.343297746144721,27.586212212067167
CMTL,2017-10-31,Q1,-1660000,476019000,826232000,121569000,-0.013949023043197856,29.893074089985888
SSNT,2017-09-30,Q3,592170,5476959,11614678,3951465,0.4324808712279935,-7.108998313103723
ILG,2017-09-30,Q3,103000000,1612000000,3579000000,366000000,0.2555831265508685,27.11359621309254
VGR,2017-09-30,Q3,47799000,-402720000,1409904000,1371822000,-0.47476162097735397,-29.830263318905576
KEY,2017-09-30,Q3,1101000000,15249000000,136733000000,3276000000,0.28880582333267757,5.238094132803743
ZDPY,2017-09-30,Q3,1188629,7607651,9848409,1580602,0.6249650516302602,-32.58426590047685
NI,2017-09-30,Q2,-36220,4770,6668,0,-30.37316561844864,-2.3128190799461694
CORR,2017-09-30,Q3,27097030,471687809,647939143,66347292,0.22978783409685283,7.004564276727619
NHMD,2017-05-31,FY,518607,-524971,727,4486,-0.9878774256101766,58.33332848269516
SXC,2017-09-30,Q3,-70400000,295200000,2114900000,971900000,-0.9539295392953929,24.411131645853967
PHIL,2017-09-30,Q1,-561417,-7550566,669660,28500,0.29741717375889437,-87.53846075813443
CJJD,2017-09-30,Q2,-2588013,25857989,70165797,45161411,-0.4003425014992465,-1.2269985073534724
TPCA,2017-09-30,Q3,83705000,951210000,1282699000,685288000,0.35199377634801987,55.26315789473685
CTRE,2017-09-30,Q3,23622000,605876000,1126018000,96385000,0.15595270319339272,-8.238343085188914
CNCT,2017-09-30,Q3,-409101,-436276,200000,0,3.750845794863802,36.986295078323906
NBHC,2017-09-30,Q3,24698000,550244000,4768972000,122652000,0.17954216674784276,3.8334342765819764
PSCR,2016-12-31,FY,-7182722,-319736,170191,788960,22.464539495083443,-95.93908644416122
GT,2017-09-30,Q3,455000000,4882000000,17852000000,11306000000,0.37279803359278985,-30.324695852604734
FLO,2017-10-07,Q3,71587000,1191974000,2682679000,3047110000,0.24023007213244585,1.550796771909468
TMUS,2017-09-30,Q3,550000000,20277000000,67923000000,7629000000,0.10849731222567441,14.07672266413197
SRG,2017-09-30,Q3,-50435000,819006000,2729228000,187339000,-0.24632298176081738,5.089628505539331
ENZN,2017-09-30,Q3,4983000,8682000,9053000,8366000,2.295784381478922,-4.000002145767212
HALL,2017-09-30,Q3,-924000,261473000,1248822000,2881000,-0.014135302688996569,-5.660376123920736
MTEM,2017-09-30,Q3,-16225000,87899000,102537000,2408000,-0.7383474214723716,-27.06359983126546
CDXC,2017-09-30,Q3,-2555802,33737841,41801512,13670646,-0.30301903432409916,1.6587719227871789
VHI,2017-09-30,Q3,140800000,287000000,2818400000,1444000000,1.962369337979094,-14.606742108136903
UBFO,2017-09-30,Q3,7004000,101108000,843507000,24335000,0.2770898445226886,16.8421092786287
SECI,2017-09-30,Q2,-15260248,-9111713,0,18500,6.699178518901989,269258.98460046144
AOSL,2017-09-30,Q1,3339000,272515000,492582000,104858000,0.04901014623048273,-31.868773741295136
CBZ,2017-09-30,Q3,45530000,530486000,1128688000,660198000,0.3433078347025181,42.34235018578034
EVTC,2017-09-30,Q3,49494000,133908000,904967000,307516000,1.478447889595842,48.76542744740486
KFFB,2017-09-30,Q1,280000,67110000,304505000,2901000,0.016689018030099836,-19.191916078198215
CTAS,2017-08-31,Q1,217211000,2565881000,6851606000,1611503000,0.3386143005073111,57.995708641994845
GILD,2017-09-30,Q3,8480000000,24845000000,64662000000,19825000000,1.3652646407727913,-7.555074008875201
TXHG,2017-09-30,FY,-124506,-1940797,2261912,3006599,0.06415199528853352,4.3955967479854525
NBR,2017-09-30,Q3,-425466000,2901405000,8088585000,1856008000,-0.5865654743133069,-22.3203026481715
CRTN,2017-09-30,Q3,-4258000,3283000,20460000,40049000,-5.187937861711849,-39.54545860940743
BKD,2017-09-30,Q3,-586627000,1510087000,8092166000,3581226000,-1.5538892792269585,-7.4387944478912615
CHGI,2017-09-30,Q3,-199009,-1873996,340946,506236,0.42477998885803386,-59.85401484664143
TDY,2017-10-01,Q3,159600000,1853400000,3847500000,1899400000,0.34444804143735835,51.27244839409838
ROG,2017-09-30,Q3,73460000,751104000,1081618000,612035000,0.3912108043626448,9.433971674100725
FCPT,2017-09-30,Q3,53418000,513683000,1061774000,14445000,0.415960816301104,2.025417882052228
IRBT,2017-09-30,Q3,46343000,456492000,610661000,557014000,0.406079405553657,38.78788182375674
GFF,2017-09-30,FY,14912000,398808000,1873541000,1524997000,0.03739142645082345,-29.01099068777902
ELS,2017-09-30,Q3,162403000,951759000,3525847000,4088000,0.6825383316574889,12.939104478838658
ORCL,2017-11-30,Q2,4442000000,55868000000,138762000000,1716000000,0.31803536908427005,-2.3644513145970483
RGBD,2017-09-30,Q3,754626,17062365,23850023,28505603,0.17691005906859922,13.333333333333334
ARET,2016-12-31,FY,-4499045,-1301132,2006774,974483,3.4577929064845074,-7.410527937167919
STLRU,2017-08-31,Q3,-260803,5000004,71066361,0,-0.20864223308621352,0.0
GOGO,2017-09-30,Q3,-130857000,-155527000,1362911000,453918000,3.3655120975779127,-56.64160449923933
HPQ,2017-10-31,FY,2526000000,-3408000000,32913000000,52056000000,-0.7411971830985915,9.837591249597509
FHB,2017-09-30,Q3,171998000,2581858000,20565627000,422210000,0.2664716649792514,-10.363034550205006
WCC,2017-09-30,Q3,140915000,2107233000,4764468000,5682375000,0.2674882179616587,3.8884178828875715
ARTH,2017-09-30,FY,-7788856,2226519,6090083,0,-3.498221214370953,-49.09090909090909
CBDS,2017-09-30,Q3,-5100660,5094096,10017239,124446,-4.005154202040951,50.16611279891927
AJG,2017-09-30,Q3,137800000,4110000000,12810400000,1584500000,0.13411192214111922,20.667862049808978
DWSN,2017-09-30,Q3,-26722000,145560000,171641000,118023000,-0.734322616103325,44.75503522595235
BRN,2017-09-30,FY,2314000,17252000,33020000,3938000,0.1341293763041966,-1.6574570352582891
BHB,2017-03-31,Q1,4211000,341048000,3427483000,26185000,0.049388942318969765,-16.203150607653104
FAF,2017-09-30,Q3,201150000,3293894000,9347047000,4291040000,0.2442701556273517,2.36110831484391
ASPZ,2016-06-30,Q2,-12545,-290405,1781,0,0.1727931681617052,1263.6364252114101
APPS,2017-09-30,Q2,-10633000,60244000,113813000,54011000,-0.7059956178208618,-19.480516866721533
USEG,2017-09-30,Q3,-787000,2778000,14893000,5276000,-1.1331893448524117,35.999997456868485
COHN,2017-09-30,Q3,825000,39200000,690255000,35867000,0.08418367346938775,-9.090909090909092
FSS,2017-09-30,Q3,31200000,425200000,997200000,650900000,0.29350893697083724,23.9814824708041
CGNX,2017-10-01,Q3,204075000,1133523000,1258517000,567585000,0.7201441876344812,-0.6849962168629364
APVO,2017-09-30,Q3,16733000,90310000,131022000,8131000,0.7411360868120916,130.90910139060355
COO,2017-10-31,FY,372900000,3175700000,4858700000,2139000000,0.11742293037755455,5.839506825967937
DLNO,2017-09-30,Q2,153468,13671717,127050203,2126256,0.044900870900121764,23.28243624614581
GNL,2017-09-30,Q3,15137000,1399435000,2953301000,192693000,0.043266032363060807,-5.011391085356933
VTR,2017-09-30,Q3,967307000,10731340000,23739795000,2678861000,0.36055404078148673,-14.884956037539155
QBAK,2017-09-30,Q3,-31000,5221000,7711000,7461000,-0.023750239417736067,13.812950568245826
CVI,2017-09-30,Q3,44200000,761800000,4032800000,4395300000,0.23208191126279865,54.69231238731971
PFE,2017-10-01,Q3,9066000000,60770000000,172151000000,38843000000,0.5967418133947672,22.17909853813832
FCX,2017-09-30,Q3,886000000,6973000000,37327000000,11362000000,0.5082460920694106,-2.928870793757623
MBI,2017-09-30,Q3,-1568000000,1708000000,9544000000,182000000,-3.6721311475409837,22.45131891089295
SGH,2017-08-25,FY,-7795000,82396000,480028000,761291000,-0.09460410699548522,76.84783472906682
BLCM,2017-09-30,Q3,-69861000,103117000,147771000,254000,-2.7099702279934443,-47.840813488562986
MBIN,2017-09-30,Q3,34355000,243285000,3237485000,67477000,0.5648519226421687,51.30952684044032
WSM,2017-10-29,Q3,163785000,1172174000,2580384000,3612449000,0.5589101959265433,9.25499140814183
EL,2017-09-30,Q1,430000000,4731000000,12202000000,3274000000,0.36355950116254493,34.3068497439358
CATC,2017-09-30,Q3,13852000,146051000,1864231000,45447000,0.37937432814564775,28.557139805385045
AMSF,2017-09-30,Q3,45582000,494945000,1583248000,280271000,0.36838032508662577,5.357145521684835
HFWA,2017-09-30,Q3,31768000,507608000,4050056000,108274000,0.25033490409922615,18.549753720439554
FTK,2017-09-30,Q3,-18906000,273132000,349743000,244589000,-0.27687711436228635,-51.90380974726484
MATR,2017-09-30,Q3,-14771000,-6369000,42049000,32861000,9.276809546239598,-2.72727446122603
PETV,2017-03-31,FY,-16521698,-13483814,1896937,7124,1.2252985690843852,249.9999295920233
ABWN,2017-08-31,FY,-36912959,106577,528326,0,-346.3501412124567,-99.99934585797035
SRRE,2015-09-30,Q3,-6803746,-15358147,103984295,3713715,1.7720226274693165,0.0
TRMK,2017-09-30,Q3,89862000,1582535000,13884655000,332796000,0.22713431298517883,0.3279684178560583
AEHR,2017-08-31,Q1,10000,17332000,31599000,6970000,0.0023078698361412415,-23.809523133734164
AKTS,2017-09-30,Q1,-4643198,11069414,16639008,300940,-1.6778478065776563,21.263484793669836
AMEH,2017-09-30,Q2,-8066228,-7344171,41173169,82058826,4.393268076138205,126.35897122896635
MOFG,2017-09-30,Q3,20289000,346563000,3144199000,88782000,0.23417387314860502,-7.983423560054556
ROST,2017-10-28,Q3,912006000,2858519000,5766978000,10066926000,1.2761937212941388,52.52287314681616
GAHC,2017-09-30,Q4,-6532272,-10278407,869357,419846,2.5421340096767913,-81.2080545442499
SLGN,2017-09-30,Q3,123539000,623103000,5021090000,3094150000,0.7930566856522918,-6.271074241134397
DTE,2017-09-30,Q3,832000000,9373000000,33071000000,9336000000,0.3550624133148405,1.6391905548479142
IVFH,2017-09-30,Q3,3481891,7242028,11411679,30494462,1.9231579883424919,-25.2747266422995
LOB,2017-09-30,Q3,28769000,364591000,2432189000,72936000,0.31563039131519977,14.28570731398634
COHU,2017-09-30,Q3,25948000,278797000,404464000,268614000,0.37228521110341933,3.41985953049518
G,2017-09-30,Q3,194703000,1314353000,3349891000,2002516000,0.5925440121489433,5.843708608572688
NWE,2017-09-30,Q3,114809000,1726188000,5628955000,961104000,0.2660405471478194,2.4270986180165215
SPWH,2017-10-28,Q3,11855000,42934000,429025000,566506000,1.1044859551870312,27.980536691225904
GDEN,2017-09-30,Q3,15610000,230556000,435641000,325461000,0.2708235743160013,-1.598358179285615
CI,2017-09-30,Q3,1965000000,14145000000,61936000000,2200000000,0.5556733828207847,10.17935879177448
HI,2017-09-30,FY,128400000,751400000,1956500000,1590200000,0.17088102209209477,34.1025621463091
CPTP,2017-09-30,Q3,5747000,12819000,14766000,3890000,1.7932756065215696,16.453790468373015
GHC,2017-09-30,Q3,87929000,2560677000,4619915000,1916029000,0.13735273913890741,-2.2690868337463095
NWPX,2017-09-30,Q3,-8005000,202442000,225925000,97153000,-0.15816875944715028,0.5089078036186044
LMT,2017-09-24,Q3,2644000000,2098000000,48946000000,30837000000,5.040991420400381,10.040735520859014
EPM,2017-09-30,Q1,2140532,68505647,88664121,8537871,0.12498426589562756,56.73758711747008
FIZZ,2017-10-28,Q2,72252000,250973000,370125000,503951000,1.151550166751005,3.2477031547338537
AIRT,2016-12-31,Q3,-5244274,23011299,62028049,104785413,-0.9115998188542073,9.538592140615089
ALGT,2017-09-30,Q3,112400000,473826000,1965972000,1125220000,0.9488715266785698,-2.4990387725762315
QNTO,2017-09-30,Q3,1290000,22018000,232206000,7792000,0.23435371060041785,11.51078780205594
APA,2017-09-30,Q3,985000000,7011000000,21835000000,4837000000,0.5619740407930395,4.265085074755382
GTLS,2017-09-30,Q3,2486000,729807000,1693023000,682839000,0.013625520171771441,94.6087002013781
WAYS,2017-09-30,Q3,-440378,7178516,7894076,229153,-0.24538665094568293,-20.0
SCWX,2017-11-03,Q3,-37955000,663528000,961411000,347250000,-0.2288072244125342,68.58909139981219
OESX,2017-09-30,Q2,-10233000,25820000,44768000,25890000,-1.5852827265685514,-9.433959399563019
BYBK,2017-09-30,Q3,4381003,71810384,651583931,20493882,0.2440317266650461,17.180614482169986
HPTO,2017-09-30,Q3,87400,-3821000,1080200,2933200,-0.0914943732007328,479.9999746680263
SAH,2017-09-30,Q3,31031000,722974000,3614569000,5875564000,0.17168528882089812,-8.076004357272417
TLYS,2017-10-28,Q3,8000000,179130000,292902000,412581000,0.17864121029419974,46.59949041281046
PRSNX,2017-06-30,FY,-263691,-208979,15701,0,1.2618062101933687,-2.5438593996235164
VOXX,2017-08-31,Q2,10178000,432916000,594817000,228293000,0.09404133827347569,-32.71605490620673
CVNA,2017-09-30,Q3,-117078000,28161000,495172000,593817000,-16.629807180142752,277.57189516236656
PINC,2017-09-30,Q1,60616000,-1288561000,2504342000,237902000,-0.18816648959575838,40.30032877942902
JUNO,2017-09-30,Q3,-301070000,1147773000,1534491000,85411000,-1.0492318603068724,90.11804961391412
ELTP,2017-09-30,Q2,-353577,6190230,32012592,3326351,-0.2284742247057056,-9.999997764825855
NAOV,2017-09-30,Q3,-3324000,-4289000,809000,169000,3.1000233154581487,-34.615379599345914
KNX,2017-09-30,Q3,37564000,4795770000,7547808000,961685000,0.031330943727493184,-16.75518815428692
HP,2017-09-30,FY,-128212000,4164591000,6439988000,1804741000,-0.030786216461592505,34.159186295130326
MLR,2017-09-30,Q3,13720000,196102000,323069000,455385000,0.279854361505747,-5.114641070295047
GVA,2017-09-30,Q3,40476000,914556000,1947288000,1235264000,0.17703016545733669,-22.960214096348246
ACRS,2017-09-30,Q3,-45589000,244259000,261391000,684000,-0.7465681919601734,-44.99999747131807
QSEP,2017-09-30,Q3,-4145000,-1459000,689000,50000,11.363947909527074,-70.37037221001982
BYFC,2017-09-30,Q3,2268000,48115000,440652000,12617000,0.1885482697703419,-39.22413762096275
NEU,2017-09-30,Q3,186437000,628450000,1705193000,1638422000,1.1866465112578566,-5.460094493289234
IRDM,2017-09-30,Q3,91979000,1448963000,3784589000,258298000,0.2539167666807227,106.42202557282144
RBC,2017-09-30,Q3,165500000,2269100000,4464000000,2539600000,0.2917456260191265,20.17263212093322
SFBS,2017-09-30,Q3,71942000,589711000,6712103000,190696000,0.4879814010591629,0.8241042486078272
BR,2017-09-30,Q1,49900000,1037900000,3224500000,924800000,0.19231139801522304,62.70036921190234
JCI,2017-09-30,FY,1819000000,20447000000,51884000000,24099000000,0.0889617058737223,-13.473425612225892
CNDT,2017-09-30,Q3,-17000000,3312000000,7547000000,1470000000,-0.020531400966183576,41.368487296555465
DSGT,2017-09-30,Q3,-1956136,-11058473,240974,975623,0.7075609806164016,-94.21052619030601
GME,2017-10-28,Q3,140600000,2313700000,5474000000,5722100000,0.24307386437308207,-26.957913139121825
NOW,2017-09-30,Q3,-121323000,551391000,3069515000,1386656000,-0.8801231793772477,67.4914381604276
HUSA,2017-09-30,Q3,-1754951,6505642,7130919,215649,-1.0790332452969285,-58.490566037735846
MRTN,2017-09-30,Q3,25210000,461326000,676307000,515349000,0.21858728968235044,3.6945814196424593
STRL,2017-09-30,Q3,11503000,138917000,473035000,704047000,0.33121936120129286,-6.710102026374592
CCI,2017-09-30,Q3,346446000,12672332000,31011756000,499010000,0.10935508949733956,11.676195310046218
POWW,2017-03-31,Q1,-2520808,-570523,2488868,653784,17.67366433956212,25.00000331136924
PRTA,2017-09-30,Q3,-105479000,446254000,537680000,27290000,-0.9454615532857968,-79.32669538632658
FGBI,2017-09-30,Q3,9245000,142769000,1691459000,49615000,0.25901981522599443,4.662964705563773
UPLD,2017-09-30,Q3,-14931000,95347000,250847000,70105000,-0.6263857279201234,50.769952931300196
FCCN,2017-09-30,Q3,-144377,-642301,2158,0,0.899123619611366,10.000001862645192
ACTA,2017-09-30,Q3,-24383000,308803000,401729000,0,-0.3158389005288161,-93.48534218144266
ARAO,2017-09-30,Q2,-476952,-2612410,1176374,0,0.7302865936051386,199.99998935631348
CCBG,2017-09-30,Q3,10860000,285201000,2790842000,64303000,0.15231363143887994,-2.749999364217122
AIRT,2016-06-30,Q1,-7989380,28617896,50373955,30493253,-1.1166970485880583,-4.418603862021776
JXSB,2017-09-30,Q3,2299716,49520618,336766690,8467074,0.1857582633560833,9.076178637881057
GLDD,2017-09-30,Q3,-22427000,228724000,841691000,510762000,-0.3922106993581784,25.25252622556306
VUZI,2017-09-30,Q3,-13754038,15154505,18466169,3002744,-3.6303496551025587,23.584904811610645
CBNT,2017-09-30,Q3,-1409868,-4140537,190837,9000,1.3620146372318374,938.0953022952543
FRT,2017-09-30,Q3,245085000,2208954000,6221137000,633391000,0.44380281345831557,1.967267971797752
ADSK,2017-10-31,Q3,-393400000.0,107300000.0,4152000000.0,1502800000.0,-14.66542404473439,0.8002560878093496
BMRA,2017-08-31,Q1,-207059,4286662,4913381,1444483,-0.19321234097766513,33.96225753056301
INBP,2017-09-30,Q1,-179000,-6104000,13381000,9770000,0.11730013106159895,-31.818178739429488
CRMZ,2017-09-30,Q3,-347097,3724835,13725516,9963078,-0.37273812128590933,18.04878695531675
PLYM,2017-09-30,Q3,-9114000,10481000,197591000,16633000,-3.4782940559106956,-15.068493150684931
TFSL,2017-09-30,FY,88877000,1689959000,13692563000,408995000,0.05259121670999119,-6.187498569488525
PHM,2017-09-30,Q3,369807000,4345085000,9971269000,135995000,0.34043706854986727,-9.499453057168958
TTEK,2017-10-01,FY,117917000,928453000,1902745000,2753360000,0.1270037363226787,44.85684165730185
COTY,2017-09-30,Q1,-16100000,9452300000,23573100000,2238300000,-0.00681315658622769,-24.564560316035646
DSS,2017-09-30,Q3,-725617,4103006,17435187,11552955,-0.7074003791366622,23.255809509541493
PRPO,2017-09-30,Q3,-10719000,20406000,34977000,946000,-2.1011467215524844,-80.44554455445545
CW,2017-09-30,Q3,147141000,1474476000,3221224000,1351076000,0.3991682468890643,29.91113608883968
MHK,2017-09-30,Q3,733826000,6789052000,11822813000,7122193000,0.43235845004575013,-29.58961980775175
NAII,2017-09-30,Q1,1434000,61904000,80949000,28074000,0.09265960196433187,-7.547171339100843
XENE,2017-09-30,Q3,-22639000,43301000,46359000,295000,-2.0913142883536175,347.4576134203634
IBTX,2017-09-30,Q3,57319000,1281460000,8891114000,220494000,0.17891779688792472,10.316147645671613
BLIN,2017-09-30,FY,-1602000,11274000,17573000,8498000,-0.14209686003193187,-66.43835616438356
AGO,2017-09-30,Q3,678000000,6878000000,14649000000,1458000000,0.3943006687990695,9.716803587103689
HDNG,2017-09-30,Q3,2674000,168729000,315916000,227745000,0.06339159243520676,18.51377582885816
VLY,2017-09-30,Q3,135809000,2537984000,23780661000,621913000,0.21404232650796853,-7.024796319605415
WYY,2017-09-30,Q3,-2768993,25768625,44899458,55956617,-0.4298239428762691,-30.303030740897306
APD,2017-09-30,FY,3021200000,10086200000,18467200000,8187600000,0.2995379825900736,9.756903023175214
WAB,2017-09-30,Q3,213313000,2717702000,6449650000,2806218000,0.3139608389735151,37.259510832122174
CABO,2017-09-30,Q3,93304000,525624000,2165233000,702315000,0.7100436814148516,22.5891053271612
LSCC,2017-09-30,Q3,-63349000,218292000,661497000,263206000,-1.1608121232111117,54.14258018880362
CASH,2017-09-30,FY,44917000,434496000,5228332000,108103000,0.10337724628074826,3.8969182952259223
FENX,2017-03-31,Q1,-39441000,23514000,87500000,34075000,-6.709364633835162,-75.16129017372408
NVRO,2017-09-30,Q3,-32347000,244239000,437936000,228711000,-0.5297597844734051,-37.20391967828279
YEXT,2017-10-31,Q3,-49567000,84125000,171917000,122181000,-2.3568261515601785,60.801392165183046
CCS,2017-09-30,Q3,33100000,653012000,1631008000,4697000,0.20275278249098025,3.3464582450214637
TCMD,2017-09-30,Q3,3625000,68473000,83082000,74397000,0.21176230046879793,126.70709223302565
NGTF,2017-06-30,FY,-915417,-471030,114064,21644,1.9434367237755557,90.82125913370984
SNES,2017-09-30,Q3,-9975000,3670000,5797000,34000,-10.871934604904633,-67.7570093457944
HUBS,2017-09-30,Q3,-28179000,208536000,686326000,269071000,-0.5405109909080447,78.74482226536563
SEAS,2017-09-30,Q3,-181945000,299506000,2122079000,997819000,-2.4299346256836256,134.72740477448238
JNPR,2017-09-30,Q3,454300000,5158100000,9744300000,2615800000,0.35230026560167504,5.602537701220078
STCC,2017-09-30,Q3,157662,926831,5859863,4939995,0.6804347286614281,42.00000253319737
AMWD,2017-10-31,Q2,42036000,375143000,513305000,551596000,0.4482130814116217,-37.85714313921157
BAC,2017-09-30,Q3,15712000000,272459000000,2283896000000,42513000000,0.2306695686323447,14.988283057972602
OCLR,2017-09-30,Q1,26489000,543829000,704260000,155598000,0.19483330237997606,0.9029337111290244
RWT,2017-09-30,Q3,109473000,1208640000,6130699000,176589000,0.36230142970611595,-1.8731086418916476
WHLM,2017-09-30,Q3,-17000,25890000,44588000,56120000,-0.0026264967168791037,6.562501094304009
AYTU,2017-09-30,Q1,-4245042,6352941,21245833,1076368,-2.672804296466786,-96.55
MTST,2017-08-31,Q2,-1039122,102063,2217183,23300,-40.72472884394933,-84.8883041428519
CROX,2017-09-30,Q3,34599000,234056000,589653000,824401000,0.591294391085894,119.4845498367103
JBT,2017-09-30,Q3,61100000,430300000,1424900000,1151400000,0.56797583081571,17.421264609708782
CRUS,2017-09-23,Q2,116212000,1199916000,1455767000,746272000,0.3874004513649289,-22.013320360673415
CPB,2017-10-29,Q1,275000000,1681000000,7746000000,2161000000,0.6543723973825104,-20.772219459300405
PH,2017-09-30,Q1,285535000,5524940000,15731279000,3364651000,0.20672441691674479,4.41075661452381
PBPB,2017-09-24,Q3,500000,121353000,176230000,313568000,0.01648084513773866,6.866954651761514
IMO,2017-09-30,Q3,371000000,25021000000,41370000000,7158000000,0.05931017944926262,1.600747996745175
LNCE,2017-09-30,Q3,-40359000,1810348000,3636353000,1675280000,-0.08917401516172581,29.616176769266122
VIRT,2017-09-30,Q3,-14503000,843375000,7739345000,30933000,-0.06878553431154587,25.46013325229637
JBSS,2017-09-28,Q1,10432000,218255000,389661000,214791000,0.1911892052873932,6.219171326159642
MGYR,2017-09-30,FY,1423000,49457000,603044000,21978000,0.028772469013486464,-1.538460813181985
CHMG,2017-09-30,Q3,9589000,154277000,1731682000,44495000,0.2486177460023205,-7.55991526219602
AVDL,2017-09-30,Q3,76516000,96463000,277427000,138493000,3.1728642070016484,-59.086672378639825
MTSI,2017-09-29,FY,-169493000,777374000,1637123000,698772000,-0.2180327615793685,-53.82201277825227
AEE,2017-09-30,Q3,588000000,7345000000,25617000000,4775000000,0.32021783526208303,8.271967599833484
LAZ,2017-09-30,Q3,342801000,1307842000,4836388000,2005497000,1.0484477482754033,6.908042156217359
WPS,2017-09-30,Q3,130900000,1623900000,4695000000,1111900000,0.3224336473920808,-2.658599872615827
CKX,2017-09-30,Q3,309398,14102096,14648452,793099,0.08775943661140868,-4.716980962322129
ELRE,2017-09-30,Q2,-166698,-801935,161455,0,0.8314788605061507,-40.972222912090764
SPB,2017-09-30,FY,297100000,1837900000,7419700000,5007400000,0.16165188530387942,-20.832959136220225
FND,2017-09-28,Q3,54812000,388171000,1000931000,995266000,0.5648232351206041,-20.661161299424563
LEN,2017-08-31,Q3,473972000,7554260000,16939373000,8860796000,0.25096938680956177,1.8571832030607047
GSPH,2017-09-30,Q3,-913295,-2563974,313862,521465,1.4248116400556323,-51.428568995728796
HBI,2017-09-30,Q3,446505000,1231167000,7280723000,4826235000,1.4506724108102313,-26.220974207728748
NTWK,2017-09-30,Q1,-181265,62537424,98479963,7017737,-0.011594017687712881,83.33333554091283
WDAY,2017-10-31,Q3,-85546000,1540274000,4564716000,91821000,-0.22215787580651236,15.343730729316926
TSBK,2017-09-30,FY,14167000,111000000,952024000,38338000,0.12763063063063063,0.7741928100585938
DBE,2017-09-30,Q3,-15666352,146839359,147659250,623944,-0.4267616559127039,42.86839842605406
PVBC,2017-09-30,Q3,6174000,116054000,928579000,26167000,0.21279749082323746,24.516129192705584
IFMK,2017-09-30,Q2,-243299,6184998,46907970,60892655,-0.15734782776000897,-81.72999714268056
CHSCP,2017-08-31,FY,127223000,7893234000,15973756000,31934751000,0.016117981552301628,-2.724360130399065
SIEN,2017-09-30,Q3,-46192000,43607000,106644000,25477000,-4.237117893916114,50.094276486945446
SBRA,2017-09-30,Q3,54438000,3369103000,6588307000,239175000,0.06463204004151847,5.570781926730463
ATRC,2017-09-30,Q3,-24312000,158919000,268451000,128654000,-0.6119343816661318,50.92632555393647
HRTX,2017-09-30,Q3,-134994000,40053000,118196000,20714000,-13.481536963523332,85.08771293846013
JNP,2017-09-30,Q3,-3227000,39913000,61755000,25684000,-0.3234034024002205,147.31182288484013
CVGW,2017-10-31,FY,37324000,244122000,364117000,1075565000,0.15289076773088867,35.29172756207398
DCOM,2017-09-30,Q3,36459000,586037000,6444429000,157502000,0.24885118175132287,-3.628446944316827
CNXR,2017-09-30,Q3,-8882000,-69268000,85472000,57107000,0.5129063925622221,-49.264706591318216
CNMD,2017-09-30,Q3,8791000,589666000,1361187000,573837000,0.05963375877191495,47.52327764467381
SXC,2017-09-30,Q3,-120900000,531600000,1677800000,610200000,-0.909706546275395,24.411131645853967
TLK,2017-09-30,Q3,-7037064,5027783,27360081,19390089,-5.598542339635581,-28.629737356419184
ASTC,2017-09-30,Q1,-3006000,13885000,15125000,0,-0.865970471732085,-43.4693887931149
RMR,2017-09-30,FY,108669000,149531000,383719000,271728000,0.7267322495001036,76.09108483546386
RVNC,2017-09-30,Q3,-84680000,142056000,169183000,225000,-2.3844117812693586,-12.190809005651278
HTM,2017-09-30,Q3,-605829,104469451,237704767,21560069,-0.023196407914501244,36.24999523162842
CAA,2017-09-30,Q3,274966000,4329211000,9079034000,60394000,0.2540564550907775,44.1128541841826
POST,2017-09-30,FY,48300000,2780000000,11876800000,5225800000,0.01737410071942446,10.967745340625287
GNCMA,2017-09-30,Q3,-73095000,-35576000,2063290000,683675000,8.218461884416461,-12.09111127481968
TCBI,2017-09-30,Q3,152321000,2158363000,24400998000,629780000,0.2822898650505036,-4.890678855436321
ATR,2017-09-30,Q3,170523000,1321514000,3408854000,1843388000,0.5161443616942386,22.599000035334132
ASH,2017-09-30,FY,28000000,3406000000,8618000000,3260000000,0.008220786846741044,27.640798334306844
CL,2017-09-30,Q3,1821000000,-108000000,12775000000,11562000000,-67.44444444444444,-8.224811858809238
PCTY,2017-09-30,Q1,543000,148720000,1134268000,81500000,0.014604626143087681,61.41479582821135
DY,2017-10-28,Q1,28776000,689638000,1852522000,756215000,0.16690495593340274,-24.06568433247293
METC,2017-09-30,Q3,-12816658,115642304,143547102,34779079,-0.4433207418627702,7.959481951954688
PTRC,2017-10-31,Q2,-1548510,16110340,34757497,25041,-0.38447605699196913,-41.08108003614941
OIS,2017-09-30,Q3,-46955000,1166277000,1329355000,223269000,-0.16104235957667004,30.966470466832412
KHC,2017-09-30,Q3,2994000000,58759000000,120051000000,19355000000,0.20381558569751018,-29.210017096312164
FBIZ,2017-09-30,Q3,7867000,166781000,1785656000,56306000,0.1886785665033787,0.8703253564990706
BRKR,2017-09-30,Q3,83300000,731800000,1961500000,1029200000,0.45531566001639795,11.537182454910983
AGCO,2017-09-30,Q3,144200000,3028200000,8174400000,5779100000,0.19047619047619047,-18.039635410184115
IRIX,2017-09-30,Q3,-7712000,35102000,43610000,31350000,-0.8788103241980514,-33.85417028847654
MXSG,2017-09-30,Q2,-1574795,445788,1141275,0,-14.130438683858696,-78.88888859454497
TKOI,2017-09-30,Q3,-3034984,9918292,13206905,6073586,-1.2239946152018917,13.33333002196431
EGLE,2017-09-30,Q3,-27212260,476299342,818248734,162197184,-0.22853073771409912,28.60411885045302
CBAN,2017-09-30,Q3,7172000,91602000,1195393000,34237000,0.31318093491408483,28.985499935074127
MGM,2017-09-30,Q3,671125000,6308543000,29101890000,8176656000,0.42553407339856447,-9.294769476124422
LOGX,2017-06-30,Q2,-3091120,-3028753,62691,0,4.082366571324898,100.0
ZDGE,2017-07-31,FY,-611000,10622000,12531000,10031000,-0.05752212389380531,43.09178689432609
RL,2017-09-30,Q2,203300000,3509600000,6028300000,3011300000,0.23170731707317074,54.585297665129275
CSSE,2017-06-30,Q2,-832432,6419985,18276592,2209815,-0.5186504329838777,3.5675667427681588
NWFL,2017-09-30,Q3,8041000,117692000,1131953000,28913000,0.2732896033715121,30.099665618343092
IPCC,2017-09-30,Q3,14978000,718612000,2507866000,380701000,0.08337183347898448,49.76403286520776
MPB,2017-09-30,Q3,6588000,77391000,1153373000,32588000,0.34050470984998255,-2.0168080049402572
ST,2017-09-30,Q3,239228000,2182525000,6537937000,2466199000,0.43844262952314406,2.5031011184386163
XSNX,2017-09-30,FY,-498663,-1044224,48294,1172972,0.4775440901569012,29.411763880904594
WHG,2017-09-30,Q3,17092000,155429000,191362000,99871000,0.4398664341918175,-23.40488624578915
RMGN,2017-09-30,Q3,-4383000,6475000,20894000,11275000,-2.7076447876447878,-40.13921211232779
HA,2017-09-30,Q3,191911000,840791000,2822693000,2009079000,0.9130021610602397,5.387645934730679
INRD,2017-09-30,Q3,-567388,1783546,6581893,7300874,-1.2724942333979612,-33.33333627677253
TELL,2017-09-30,Q3,-196736000,162710000,190222000,0,-4.836482084690553,-14.895632832129523
IPAS,2017-09-30,Q3,-16242000,3693000,20775000,41159000,-17.592201462225834,-73.84615497476248
TRNS,2017-09-23,Q2,1637000,46598000,94071000,36721000,0.14052105240568263,64.3122728243161
OCC,2017-10-31,FY,-1738771,23689522,40139180,64092848,-0.07339831508630694,101.22447887295161
OMTK,2017-09-30,Q3,-550479,951178,2048165,795018,-2.3149357954031737,249.99999689559135
ORRF,2017-09-30,Q3,8084000,144384000,1533586000,37396000,0.22395833333333334,-4.99002011205921
IVAC,2017-09-30,Q3,4159000,81418000,117432000,82822000,0.20432828121545604,-39.18129013727891
WYIGU,2017-09-30,Q3,-387781,9644362,40460142,0,-0.16083220434902795,-3.2882025877223566
TAIT,2017-09-30,Q3,656000,11857000,14494000,5778000,0.2213038711309775,25.94936427121139
CBKM,2017-09-30,Q1,929000,44271000,471647000,4143000,0.08393756635269138,13.560133253018147
EDGW,2017-09-30,Q3,-3719000,78466000,99672000,86796000,-0.18958529809089286,-20.69510203110033
CAMP,2017-11-30,Q3,21384000,201078000,475398000,223165000,0.4253871631904037,-20.13128917332347
MSTR,2017-09-30,Q3,43867000,612339000,813652000,366398000,0.28655369003117553,8.957072506797054
GBCI,2017-09-30,Q3,101421000,1206201000,9798602000,278124000,0.3363320043674313,13.753957068544207
CMP,2017-09-30,Q3,47100000,748000000,2446800000,906500000,0.2518716577540107,1.8953753720125337
GWRE,2017-10-31,Q1,-8914000,988401000,1150148000,108171000,-0.036074427282044436,7.05176188162725
ATI,2017-09-30,Q3,-84900000,1347800000,5075100000,2615200000,-0.2519661670871049,19.587212998438613
DE,2017-10-29,FY,2159200000,9557300000,65786300000,25885100000,0.2259215468803951,0.5290982102005983
INO,2017-09-30,Q3,-66699593,162022911,203680028,33432852,-1.6466706489429757,-15.501517231117223
SMMF,2017-09-30,Q3,9592000,198782000,2101136000,61941000,0.19301546417683693,-13.781578682417456
TFC,2017-09-30,Q3,-521870,-748400,36790,0,2.789257081774452,2.9262109257427436
PAYC,2017-09-30,Q3,53902000,157265000,1069936000,313763000,1.3709852796235653,107.71184749531626
KO,2017-09-29,Q3,4000000000,22119000000,90515000000,27898000000,0.7233600072336,2.621640411417785
NRIM,2017-09-30,Q3,13264000,194427000,1523341000,44876000,0.2728839101565112,17.70538281892734
WFC,2017-09-30,Q3,15863000000,205929000000,1934939000000,43999000000,0.308125616110407,-5.246078571070965
SRDX,2017-09-30,FY,3926000,111557000,136593000,32790000,0.03519277140833834,132.5545329419921
SIEB,2017-09-30,Q3,1425000,4481000,4975000,8157000,1.2720374916313324,284.51443145803665
ACN,2017-11-30,Q1,1123660000,9102130000,22974153000,9523222000,0.4938009015472203,8.823737113766075
BTCS,2017-09-30,Q3,-45563617,-4803727,29567,4480,37.940221831923424,-70.86614091927447
BRBL,2017-09-30,Q2,-17257,-124024,11291,21290,0.5565696961878346,0.0
GNE,2017-03-31,Q1,4139000,99740000,124393000,71405000,0.16599157810306797,-31.077349048762525
AGEN,2017-09-30,Q3,-85657928,-51594260,149270244,34522815,6.64088819182599,-54.75688045073986
QSR,2017-09-30,Q3,656900000,4276600000,23927900000,1784100000,0.6144133189917224,-7.764117199946771
BMXC,2017-02-28,Q3,-1206554,140285,234907,140113,-34.40293687849734,-97.5384616491887
GEVO,2017-09-30,Q3,-20244000,66400000,93886000,20856000,-1.2195180722891565,-66.99999968210855
GRC,2017-09-30,Q3,18615000,319009000,396664000,284451000,0.23341034265490943,9.052879201637573
CVBF,2017-09-30,Q3,86560000,1076464000,8304012000,213907000,0.3216456843888881,-8.860759888013945
DLB,2017-09-29,FY,202427000,2136742000,2533554000,95290000,0.09473628542893807,21.644646494885475
AKOM,2017-09-30,Q3,-4720702,6710069,10403964,0,-2.814100421322046,-50.0
ES,2017-09-30,Q3,756216000,10998037000,33163620000,5856458000,0.2750367179161154,1.7555441203089033
DORM,2017-09-30,Q3,84632000,628100000,738018000,675502000,0.5389715013532876,5.557836242229655
KVMD,2017-09-30,Q1,-18280,-26968,9375,0,2.7113616137644616,-99.97777283903365
AFSI,2017-09-30,Q3,-79491000,3513160000,25827359000,4512809000,-0.0905065525054367,3.937009164079561
AVGO,2017-10-29,FY,1784000000,20285000000,54418000000,17636000000,0.08794675868868622,-18.405242532551167
FLL,2017-09-30,Q3,-1338000,55538000,177400000,123467000,-0.0963664517987684,4.347830593924006
NUS,2017-09-30,Q3,111202000,717523000,1547331000,1612898000,0.6199215913636218,36.47954794163002
UFPI,2017-09-30,Q3,90877000,935795000,1486926000,2975091000,0.3884483246864965,5.905279330516068
TRS,2017-09-30,Q3,34970000,546960000,1053330000,622530000,0.25574082199795234,10.344829257330346
ICD,2017-09-30,Q3,-18553000,240720000,304313000,64966000,-0.3082917912927883,26.99228685894701
SFNC,2017-09-30,Q3,74037000,1257199000,9535370000,249809000,0.2355617527535418,0.8561643611917271
FSFG,2017-09-30,FY,9313000,93115000,891133000,33917000,0.10001610911238791,25.861761268001242
BBY,2017-10-28,Q3,636000000,4152000000,14785000000,26788000000,0.6127167630057804,23.600569931465635
SIF,2017-09-30,FY,-14209000,50131000,110887000,121458000,-0.28343739402764756,-11.558666252238671
DTH,2017-09-29,Q3,10433000,-216718000,664832000,1437133000,-0.1925636080067184,-4.5464968189503905
BBOX,2017-09-30,Q2,-21147000,127125000,439219000,70136000,-0.6653923303834808,-70.5714293888637
ITRI,2017-09-30,Q3,57875000,770406000,1817938000,1467421000,0.30049090998772077,-17.586655082523308
SNWV,2017-09-30,Q3,-2760794,-9023263,565310,422199,1.2238561593516668,14.43661977989305
FLT,2017-09-30,Q3,457503000,3430418000,11330294000,1639547000,0.5334661840043983,47.22150712394001
ACOR,2017-09-30,Q3,-52295000,679990000,1345058000,379705000,-0.3076221709142781,-24.423076923076923
PZZA,2017-09-24,Q3,77550000,-59298000,550928000,1315753000,-5.231205099666093,-35.423939227430786
BDL,2017-09-30,FY,4390000,31981000,60509000,106822000,0.1372690034708108,15.463917525773196
LINC,2017-09-30,Q3,-19190000,37136000,117559000,194452000,-2.0669969840585956,-9.600000381469727
AIRG,2017-09-30,Q3,549323,46082547,55965681,36713996,0.04768165266559594,44.07895294087753
BY,2017-09-30,Q3,22461000,459533000,3305442000,100847000,0.1955115301839041,6.723085446168023
BIVV,2017-09-30,Q3,214300000,750300000,1453500000,780700000,1.1424763427962148,80.71957838040524
KBR,2017-09-30,Q3,164000000,867000000,3601000000,3234000000,0.7566320645905421,16.098891620892047
HUBB,2017-09-30,Q3,227500000,1656000000,3743200000,2751100000,0.5495169082125604,13.948136779773318
PAG,2017-09-30,Q3,284200000,2079000000,10282300000,15988900000,0.5468013468013468,-0.23158023231907893
FCUV,2017-09-30,Q3,-354301,235799,784006,943110,-6.01022056921361,2699.9945998299663
SNGX,2017-09-30,Q3,-5008129,3144822,5852432,3717089,-6.369999955482377,-17.903924263097075
GLBR,2017-09-30,Q3,-45075000,-90974000,555979000,139216000,1.981884934157012,-97.45454545208246
MTW,2017-09-30,Q3,-25900000,627900000,1583200000,1099800000,-0.16499442586399107,-34.16575006801865
CAC,2017-09-30,Q3,31649000,414366000,4039943000,101064000,0.3055173445697765,-1.3624029889763567
TFC,2017-09-30,Q3,-521870,-748400,36790,0,2.789257081774452,2.9262109257427436
WGO,2017-11-25,Q1,17958000,456631000,924850000,450021000,0.15730863651394672,-49.20039730089653
PESI,2017-09-30,Q3,-4314000,27952000,58704000,37179000,-0.617344018317115,6.870222338971155
POLA,2017-09-30,Q3,-166153,23485825,24648493,10438761,-0.028298431074914338,8.016880438609727
SWKS,2017-09-29,FY,1010200000,4065700000,4573600000,3651400000,0.2484688983446885,-10.981356500337633
OPTT,2017-10-31,Q2,-5240000,15000000,18110000,289000,-1.3973333333333333,-59.6774181143674
HAFC,2017-09-30,Q3,43162000,559247000,5111396000,153537000,0.3087151115696642,-20.320001220703123
ECL,2017-09-30,Q3,950700000,7222300000,19856700000,10187600000,0.5265358680752669,20.00000467165397
EGAN,2017-09-30,Q1,-568000,-9811000,36945000,14575000,0.23157680154928142,189.28573283613977
LSTR,2017-09-30,Q3,112313000,653973000,1263339000,2594772000,0.6869580242609404,22.860016365166015
KEYS,2017-10-31,FY,102000000,2310000000,5933000000,2664000000,0.04415584415584416,27.893448421567534
SAM,2017-09-30,Q3,68519000,414289000,587114000,701247000,0.6615575117852514,82.19264539918993
NRG,2017-09-30,Q3,-682000000,3690000000,25470000000,8132000000,-0.7392953929539295,46.20798138165264
NSP,2017-09-30,Q3,68848000,101940000,947372000,2473729000,2.7015106925642534,159.37328401531482
LEAI,2017-09-30,Q3,3030000,-41968000,26546000,73408000,-0.28879146016012197,-24.99999813735488
RSRV,2017-09-30,Q3,765591,32214815,37036512,4800995,0.09506073525488196,0.0
OMI,2017-09-30,Q3,49796000,1003784000,3334156000,6928441000,0.19843312903971372,-44.26450473027619
TDOC,2017-09-30,Q3,-62399000,446779000,880924000,156139000,-0.5586565169804311,152.485370022838
GRWG,2017-09-30,Q3,-1084593,8248930,9998702,10722738,-0.5259314844470737,-26.495722037025548
OSBC,2017-09-30,Q3,17650000,200763000,2360407000,64841000,0.3516584231158132,14.444443031593604
GIII,2017-10-31,Q3,62666000,1106932000,2259053000,2092040000,0.22644932118684796,57.22178339655283
CELZ,2017-09-30,Q3,-1181889,-1073068,211151,0,4.405644376684423,-85.56446637877853
TTD,2017-09-30,Q3,33987000,215259000,642631000,205569000,0.6315554750324028,153.37474782110792
VICR,2017-09-30,Q3,-1361000,133320000,166076000,169059000,-0.040834083408340834,90.47619348492346
UNIR,2017-10-01,Q3,2438070,18199134,65687824,74334434,0.5358650581945272,-36.734693877551024
PRFT,2017-09-30,Q3,12146000,366516000,490589000,319825000,0.1325562867651071,34.46014141710424
SMP,2017-09-30,Q3,46623000,469520000,831685000,876165000,0.3971971375021298,0.6338200250626624
AZO,2017-08-26,FY,1280869000,-1428377000,9259781000,10888676000,-0.8967303449999545,46.65397482433516
PDM,2017-09-30,Q3,164947000,2172131000,4060650000,434729000,0.3037514772359494,-6.240714192931285
CFFN,2017-09-30,FY,84137000,1368313000,9192916000,313186000,0.06148958608154713,-14.439224463609449
GLXZ,2017-09-30,Q3,54578,5268702,19292441,9469,0.04143563253340197,12.173912051945397
FBK,2017-09-30,Q3,29380000,572528000,4581943000,114582000,0.20526507000530977,3.0239325868844222
SEAC,2017-10-31,Q3,-7120000,64603000,111864000,18907000,-0.4408464003219665,-38.11320898667822
ATGE,2017-09-30,Q1,12916000,1658039000,2383596000,366691000,0.031159701309800312,32.4175789626581
CELH,2017-09-30,Q3,-3032771,21485600,33925315,27023123,-0.5646146256097107,-30.993177759518076
IBP,2017-09-30,Q3,30347000,197358000,723653000,833058000,0.6150650087657962,-41.22079744250271
KGJI,2017-09-30,Q3,15714849,387099733,2904399983,1352666916,0.1623855317926556,-50.81522975247428
CRWS,2017-10-01,Q2,1243000,38891000,48738000,30108000,0.127844488442056,-10.937504307366844
CSBR,2017-10-31,Q2,-768475,373000,6493000,10237000,-8.241018766756032,259.3749946448953
UBOH,2017-09-30,Q3,2981000,75714000,770713000,17872000,0.15748738674485563,2.232595557952619
GORO,2017-09-30,Q3,9821000,117690000,135101000,76849000,0.3337921658594613,35.26315607852881
SPGI,2017-09-30,Q3,1339000000,839000000,8714000000,4475000000,6.383790226460071,24.041387817438164
PPIH,2017-10-31,Q3,-8479000,52413000,100683000,77851000,-0.6470913704615268,8.742509088458714
GABC,2017-09-30,Q3,29055000,360625000,3072889000,82420000,0.3222738301559792,-7.812912575652264
IRMD,2017-09-30,Q3,316126,32140406,37919628,16376648,0.039343124663702135,266.00988100586994
CAG,2017-08-27,Q1,153300000,3793800000,10225600000,1804200000,0.16163213664399811,13.280048745570824
GE,2017-09-30,Q3,3624000000,76105000000,378038000000,54562000000,0.19047368766835293,-54.04965392337727
LMAT,2017-09-30,Q3,12893000,106113000,121269000,74714000,0.4860101966771272,2.541034754336719
PKOH,2017-09-30,Q3,23500000,264300000,1091600000,1046900000,0.35565645100264853,-17.25997899323922
CASY,2017-10-31,Q2,105676000,1154332000,3420182000,4247484000,0.36618927656861283,10.412848334601792
STRP,2017-07-31,FY,-45660000,-14795000,11850000,658000,3.0861777627576883,2.2129327512652295
CCNE,2017-09-30,Q3,20409000,244448000,2745069000,80176000,0.3339605969367718,2.558639787916926
EBF,2017-08-31,Q2,16324000,255980000,325900000,189477000,0.25508242831471206,13.350781079221774
PURE,2017-10-31,Q1,-2339000,4560000,5207000,464000,-2.0517543859649123,-55.35714304720869
FTNT,2017-09-30,Q3,60360000,902225000,2395279000,415053000,0.2676050874227604,153.83769630588938
VOYA,2017-09-30,Q3,290800000,13653000000,226643900000,7352400000,0.08519739251446569,24.23711540184516
INTT,2017-09-30,Q3,5541000,43763000,60214000,47420000,0.5064552247332221,-6.6265081698289405
ABBV,2017-09-30,Q3,5257000000,6687000000,68840000000,20477000000,3.1446089427246897,4.635471257549421
LZB,2017-10-28,Q2,34950000,592264000,881543000,750284000,0.23604338605756892,1.7005582432366686
AAPL,2017-09-30,FY,48351000000,134047000000,375319000000,229234000000,0.3607018433832909,46.76549579110984
VRNS,2017-09-30,Q3,-19228000,87044000,190994000,144155000,-0.883599099306098,74.61265191469964
BDCO,2017-06-30,Q2,-27243232,-9678961,72483838,109942080,11.258742338149725,-81.05263058828844
STBZ,2017-09-30,Q3,41197000,642590000,5148483000,144746000,0.2564434553914627,3.675711688043473
ABCB,2017-09-30,Q3,64398000,801921000,7649820000,214783000,0.3212186736598742,-6.25640869140625
HLT,2017-09-30,Q3,423000000,1447000000,14223000000,6861000000,1.1693158258465792,16.347397989677077
CPHI,2017-09-30,Q3,-5450236,57030778,74994506,9364605,-0.38226629136989854,17.647058823529413
LBAI,2017-09-30,Q3,39405000,577081000,5399481000,140743000,0.2731332343293229,-11.95122323385099
RMCF,2017-08-31,Q2,1741956,19484356,29454815,13270320,0.35761120357275344,-11.870199306529736
CLNE,2017-09-30,Q3,-52703000,442558000,798519000,211747000,-0.4763488627479336,3.174600171093715
SRRE,2016-03-31,Q1,3311591,-10684847,110578060,665381,-1.2397336152777854,-75.0
AXP,2017-09-30,Q3,3933000000,21085000000,168577000000,6237000000,0.7461228361394356,17.61651953496591
BHB,2017-09-30,Q3,19386000,353459000,3475732000,85913000,0.21938612399175011,-8.03714462271202
NTIC,2017-08-31,FY,3924579,48860628,56612693,39569123,0.08032191072124574,107.10227257333511
BAX,2017-09-30,Q3,788000000,9466000000,17541000000,7787000000,0.3329811958588633,22.055092660120195
MNTR,2017-03-31,Q1,-448616,6206781,7776906,738144,-0.2891134712180114,-54.464286759647784
POWW,2017-09-30,Q3,-3892444,1012404,3871716,1121975,-15.379014701640846,41.30435075561587
HOLX,2017-09-30,FY,755500000,2784700000,7979600000,2538000000,0.2713039106546486,10.696917978136282
CUTR,2017-09-30,Q3,7113000,61213000,100648000,89688000,0.46480322807246827,-24.30232735567315
ANAB,2017-09-30,Q3,-23209000,101355000,121945000,7000000,-0.9159488925065364,180.7259259227456
VNDA,2017-09-30,Q3,-13729000,130469000,205706000,120807000,-0.4209122473537775,26.795581653329805
LEAI,2017-06-30,Q2,1637000,-41708000,25039000,48173000,-0.15699625971036732,18.750001164153243
CSL,2017-09-30,Q3,250400000.0,2436300000.0,4317900000.0,3018100000.0,0.41111521569593235,19.236418240190364
ARTW,2017-08-31,Q3,-754382,16868108,26491778,15660294,-0.17888953521046935,30.95238689932991
PWR,2017-09-30,Q3,89849000,3727530000,6640246000,2609307000,0.09641666197186877,-10.796358360548648
PURE,2017-07-31,FY,-6263000,1290000,3829000,1831000,-4.855038759689922,-55.99999904632569
OFG,2017-09-30,Q3,35573000,937630000,6288217000,262473000,0.15175708968356388,72.72726160030012
TBPH,2017-09-30,Q3,-198483000,184117000,486159000,10664000,-4.3121058891900255,-7.555183848653884
LEA,2017-09-30,Q3,960500000,3871100000,11712000000,15103200000,0.9924827568391413,-17.161788413135564
IMPV,2017-09-30,Q3,19223000,298752000,515682000,66217000,0.2573773564695801,7.5231480152845736
APO,2017-09-30,Q3,982335000,1329491000,6860354000,1740655000,2.955522075741769,14.707829596262053
GMGI,2017-07-31,FY,1801080,-1536147,87667,120000,-1.1724659163478495,0.0
PNBK,2017-09-30,Q3,3547000,66310000,826731000,23836000,0.21396471120494645,33.136097679727264
BMS,2017-09-30,Q3,134700000,1275900000,3876700000,3042600000,0.42229014813073124,5.767133116826783
RYAM,2017-09-23,Q3,29887000,234260000,1442600000,612358000,0.5103218645948946,52.68975519032163
JOB,2017-09-30,FY,-2372000,24063000,141815000,120247000,-0.0985745750737647,-10.714284193759035
MTRX,2017-09-30,Q1,3824000,328438000,572454000,269910000,0.04657195574202742,62.17105215688821
FEIM,2017-10-31,Q2,-867000,88878000,112702000,21360000,-0.03901977992304057,16.379315748934953
KFS,2017-09-30,Q3,-10688000,42901000,479330000,143658000,-0.9965268874851402,-53.71901051169748
MDXL,2017-09-30,Q3,-1108673,-235068,316232,10081,18.865570813551823,-16.666666666666664
INVE,2017-09-30,Q3,-3614000,15913000,49838000,43664000,-0.908439640545466,24.686187793827195
AMGN,2017-09-30,Q3,6243000000,32229000000,80331000000,16226000000,0.7748301219398678,10.749583434320806
AMD,2017-09-30,Q3,-18000000,520000000,3586000000,3849000000,-0.13846153846153847,143.0369732253123
LWAY,2017-09-30,Q3,1403000,48627000,66758000,92636000,0.11540913484278281,-70.86527872411122
MKL,2017-09-30,Q3,-38568000,8908885000,28519411000,4399392000,-0.017316645124502112,10.07186924477939
ASG,2017-09-30,Q3,-68290,-144770,2377,7022,1.886855011397389,20.037806246188232
WASH,2017-09-30,Q3,37943000,414228000,4469230000,110686000,0.36639724982376853,-4.490504698270631
NHEL,2017-09-30,FY,-89359,-80137,0,0,1.1150779290465078,1110.0000201165674
VLGEA,2017-07-29,FY,22921000,286820000,455225000,1604574000,0.07991423192246008,17.71128649086563
RAIL,2017-09-30,Q3,-11424000,242769000,318531000,330233000,-0.18822831580638386,-19.97012073763859
NXRT,2017-09-30,Q3,60702000,244116000,1077425000,109322000,0.9946418915597502,41.33674366297823
TPH,2017-09-30,Q3,113309000,1842429000,3896066000,881000,0.24599916740346575,-11.365262177275993
PTRC,2017-10-31,Q2,-1548510,16110340,34757497,25041,-0.38447605699196913,-41.08108003614941
SAIC,2017-11-03,Q3,128000000,322000000,2101000000,3326000000,1.5900621118012421,-1.8112336386890526
FTV,2017-09-29,Q3,707600000,3474200000,9327000000,4849300000,0.8146911519198664,18.943350950246945
REGN,2017-09-30,Q3,1024992000,6051593000,8701215000,2739745000,0.677502270889665,-12.590858194667081
KLAC,2017-09-30,Q1,280936000,1463956000,5690398000,760787000,0.7676077696324206,-3.087182427806443
USAU,2017-10-31,Q2,-10705626,9770955,10611616,0,-4.3826324038950135,-18.333331743876137
ZOES,2017-10-02,Q3,868000,133216000,239519000,242719000,0.02606293538313716,1.521221277337201
MDEX,2017-09-30,Q3,-54330,-310536,28730,6255,0.699822242831749,-20.697859999517867
ZYXI,2017-09-30,Q3,4058000,1639000,5984000,6642000,9.903599755948749,58.51063696223184
VYEY,2017-09-30,Q3,-1883477,7719977,18452147,213744,-0.9758977261201685,-76.81704236315716
VBTX,2017-09-30,Q3,11895000,445929000,2494861000,49655000,0.10669860000134551,4.821962865562197
KLDX,2017-09-30,Q3,-13392000,280251000,389733000,48853000,-0.19114293972189217,-40.821917002902175
CHD,2017-09-30,Q3,337800000,1953100000,5952800000,2743100000,0.6918232553376683,23.868138021842704
APHD,2017-10-31,Q2,-464749,-909444,44287,27900,2.0441016709110182,-22.22222222222222
ALPP,2017-09-30,Q3,-2258417,-3363430,15947490,7044806,2.685849861599617,-33.139535941469624
AR,2017-09-30,Q3,255523000,7655671000,14849214000,2633848000,0.1335078270735511,-12.844491385579918
KMG,2017-07-31,FY,23633000,173716000,792431000,333442000,0.1360438877247922,38.6408569459105
SPG,2017-09-30,Q3,1585082000,3685142000,31032410000,4110948000,1.7205111770455521,10.683197005306225
MBUU,2017-09-30,Q1,6414000,111222000,361481000,103541000,0.2306737875600151,68.31745323240754
UHT,2017-09-30,Q3,39555000,213307000,498978000,54089000,0.7417478094952346,-2.5792009192831404
PERY,2017-10-28,Q3,16965000,334529000,567298000,622606000,0.20285236855399683,20.87912087912088
IMCI,2017-09-30,Q3,-578151,-4529795,412356,4799434,0.5105317128037803,-62.40601587624701
PI,2017-09-30,Q3,-7988000,125443000,158253000,98437000,-0.2547132960786971,-39.002210536983576
MTCH,2017-09-30,Q3,359223000,522053000,2175525000,951754000,2.7523872097277478,142.3012584590714
WPC,2017-09-30,Q3,210610000,3228576000,8334411000,651341000,0.2609323739010635,-5.105500567353192
MTEX,2017-09-30,Q3,1929000,41678000,78530000,130300000,0.18513364364892748,35.714292665264786
ICLD,2017-09-30,Q3,-31844000,-26827000,33986000,32105000,4.7480523353338056,-99.72477064823768
SPR,2017-09-28,Q3,232100000,1758900000,5537200000,5268400000,0.5278298936835523,18.23453840736583
EBTC,2017-09-30,Q3,16673000,231887000,2725472000,76747000,0.2876056010039373,-6.776904422236221
TXMD,2017-09-30,Q3,-55498050,149484505,160361106,12653495,-1.485051577753828,27.131782945736433
SIRI,2017-09-30,Q3,684904000,-1050101000,8652416000,4021231000,-2.6089071432176523,14.909094030206854
WGO,2017-08-26,FY,71330000,441674000,902512000,1547119000,0.16149920529621395,2.4725210809174807
LC,2017-09-30,Q3,-61828000,993288000,4753104000,418085000,-0.24898317507107706,-38.11802429834364
ENSG,2017-09-30,Q3,29611000,479954000,1070848000,1361612000,0.24678198327339704,62.05128705595095
TRT,2017-09-30,Q1,602000,21102000,34706000,4765000,0.11411240640697565,-15.055760697947774
OLED,2017-09-30,Q3,71072000,623010000,727170000,140506000,0.4563137028298101,-6.872035586967716
KMX,2017-08-31,Q2,393126000,3200986000,16875733000,8928974000,0.49125613170441856,14.981380982868231
KR,2017-11-04,Q3,1036000000,6235000000,37028000000,91631000000,0.664635124298316,41.44397648479669
BDSI,2017-09-30,Q3,21495000,18855000,89413000,23798000,4.560063643595863,-8.196721439622994
TGI,2017-09-30,Q2,-7309000,855845000,4281946000,1526845000,-0.034160391192330386,-25.320517091982985
TMST,2017-09-30,Q3,-9900000,592700000,1155800000,987800000,-0.06681289016365784,-13.29445938009055
ENZB,2017-06-30,FY,-95793,40149,44249,0,-2.3859373832474033,1299.999955296517
FDS,2017-08-31,FY,258259000,559691000,1413315000,1221179000,0.46143139696725516,43.54880735248833
FNF,2017-09-30,Q3,102700000,974100000,1361000000,852100000,0.42172261574786984,14.38952765895464
DRI,2017-08-27,Q1,119000000,2058700000,5223500000,1936100000,0.23121387283236994,34.759555358435875
GNTX,2017-09-30,Q3,276323023,2026265199,2371631194,1335302109,0.5454824435347764,5.71428517738249
WRK,2017-09-30,FY,698600000,10342500000,25089000000,14859700000,0.06754653130287648,-7.973137751760495
FISI,2017-09-30,Q3,22468000,366002000,4021591000,95343000,0.2455505707619084,6.621388132677887
PLRM,2017-09-30,Q3,970000,33935000,262680000,7122000,0.11433623102991013,18.138552791396172
MKSI,2017-09-30,Q3,261494000,1507705000,2370345000,1259582000,0.6937537515628057,-15.498152013416153
NGVT,2017-09-30,Q3,97200000,221900000,909800000,742900000,1.7521406038756195,57.0041581317542
NVCR,2017-09-30,Q3,-11498000,116685000,262278000,50109000,-0.39415520418219996,173.62925623859886
ARWR,2017-09-30,FY,-34380295,81422350,104022280,31407709,-0.42224641023011494,330.7865370326755
ESRT,2017-09-30,Q3,85993000,1153631000,3848934000,529398000,0.2981646644377622,-18.298078343899746
AAT,2017-09-30,Q3,30401000,836460000,2275618000,233237000,0.14537933672859432,-7.514877981722377
KTOS,2017-10-01,Q3,-20500000,531900000,1142700000,263300000,-0.15416431660086483,10.877718061246638
OTTR,2017-09-30,Q3,54097000,692519000,1966897000,318492000,0.3124650731604476,7.761531391954259
KN,2017-09-30,Q3,-17200000,1036900000,1553900000,605600000,-0.0663516250361655,6.675230555970094
MLM,2017-09-30,Q3,336159000,4331221000,7566785000,2810110000,0.3104519487691808,-11.23957652934948
MAN,2017-09-30,Q3,329100000,2632700000,8581700000,15396800000,0.5000189919094465,-28.175134637967446
FOLD,2017-09-30,Q3,-214794000,409680000,680779000,22201000,-2.097188049209139,-19.34622857111592
PXLW,2017-09-30,Q3,-621000,40695000,70479000,62189000,-0.06103943973461113,-10.869559686112984
WOR,2017-08-31,Q1,48074000,958174000,2630554000,848237000,0.20069006255648766,-6.905521298549753
BURL,2017-10-28,Q3,144149000,-110533000,2843363000,4147937000,-5.216505478002045,91.86516236723139
PBSK,2017-09-30,Q3,812000,66035000,460201000,14253000,0.04918603770727645,38.904111679286174
PACB,2017-09-30,Q3,-71427000,101408000,157904000,58185000,-2.8174108551593564,0.9328304599298889
NGS,2017-09-30,Q3,1149000,237207000,294986000,15300000,0.01937548217379757,-27.115717356107844
WLK,2017-09-30,Q3,523278000,4068774000,11244125000,6030666000,0.5144330945881979,-1.9582353408652868
MTX,2017-10-01,Q3,122300000,1176300000,2983400000,1187900000,0.41588030264388337,-6.758622794315733
BLBD,2017-09-30,FY,28801000,-58510000,295816000,990602000,-0.4922406426251923,17.78846585891672
CCRN,2017-09-30,Q3,10546000,208702000,456656000,645374000,0.2021255186821401,-39.70994600675212
PFGC,2017-09-30,Q1,22600000,949400000,3883300000,4364900000,0.09521803244154203,18.716578049184164
LRDC,2017-08-31,Q1,110456,-1723976,387917,2465281,-0.25628199000450125,175.000004656613
JTPY,2017-09-30,Q3,-2068000,2264000,174154000,56159000,-3.6537102473498235,0.0
ERIE,2017-09-30,Q3,164946000,875150000,1631429000,1290372000,0.7539096154944867,3.953373379569902
SSB,2017-09-30,Q3,85133000,1632825000,11169110000,308176000,0.2085538866688102,-10.136986301369863
PROV,2017-09-30,Q1,-225000,124921000,1193786000,10745000,-0.007204553277671488,-8.224680306281538
TGRO,2017-09-30,Q3,-61454,-882185,1721,0,0.278644502003548,-75.0
GNPX,2017-09-30,Q3,-2647576,871524,1266781,0,-12.151477182498704,-51.702126036299035
PTCT,2017-09-30,Q3,-80270000,145882000,367720000,116362000,-2.200956937799043,124.98803912502639
WLKR,2017-09-30,Q3,-166000,24624000,24929000,300000,-0.02696556205328135,15.949779101801923
OKE,2017-09-30,Q3,528707000,5359495000,16764841000,6700260000,0.39459463998007277,21.400431107243886
AIV,2017-09-30,Q3,60890000,1454186000,6169338000,750208000,0.16748889069211229,0.3410797309553583
RUSHA,2017-09-30,Q3,66262000,934117000,2758990000,2230969000,0.28374175825940434,-16.46833899108818
ORGS,2017-08-31,Q3,-11511000,11251000,37422000,6712000,-4.092436227890854,68.48958163560985
UVE,2017-09-30,Q3,70539000,420557000,1857061000,550604000,0.6709102452224074,103.99159997223926
JAKK,2017-09-30,Q3,-52541000,122819000,453262000,476483000,-1.711168467419536,-17.741935483870968
NNI,2017-09-30,Q3,116105000,2111851000,24768710000,573786000,0.21991134791232905,12.384508294360854
MANH,2017-09-30,Q3,91967000,194354000,326249000,341216000,1.892772981260998,26.388883124653795
EPAM,2017-09-30,Q3,103634000,985145000,1173006000,1051151000,0.4207867877317552,56.29965872098265
MARK,2017-09-30,Q3,-17583000,-9422000,109746000,52004000,7.464657185310974,-10.893853915206098
CGA,2017-06-30,FY,25152154,397528051,455681630,285213040,0.06327139414873643,-10.156246750072192
STX,2017-09-29,Q1,181000000,1242000000,8956000000,2632000000,0.5829307568438004,42.74947569473036
RH,2017-10-28,Q3,1919000,-25276000,1801566000,1769879000,-0.30368729229308433,26.361261929764122
LUNA,2017-09-30,Q3,14179576,49696716,66609151,13428428,1.1412887724814653,89.99999579261343
TUP,2017-09-30,Q3,61100000,236500000,1708500000,1667200000,1.0334038054968286,-45.88254324583517
ALYI,2016-09-30,Q3,-622707,-3132860,135591,51966,0.7950652119788308,469.9999825377025
COP,2017-09-30,Q3,-2391000000,30500000000,74861000000,20987000000,-0.3135737704918033,53.8461526796333
DWCH,2017-09-30,FY,-3993000,32529000,50405000,36263000,-0.12275200590242553,0.865795897350957
XRAY,2017-09-30,Q3,-900100000,7477800000,11199000000,2902400000,-0.48147850972211076,-33.00195197639641
SPLY,2017-09-30,Q3,232302,-259823,102455,0,-3.5763115659506663,-65.40540420808787
FBMS,2017-09-30,Q3,8202000,166980000,1787976000,48926000,0.19647862019403523,29.734215090245154
AWI,2017-09-30,Q3,121100000,366200000,1829700000,998100000,1.322774440196614,34.62281904648064
ESMC,2017-09-30,Q1,-60521,1123059,5040190,2629624,-0.21555768663979363,94.11765273054571
PEN,2017-09-30,Q3,-4426000,383832000,459094000,237713000,-0.04612434606807145,62.18850704078196
ODP,2017-09-30,Q3,233000000,2042000000,5397000000,7659000000,0.4564152791380999,-29.13907502263345
USPH,2017-09-30,Q3,19018000,198483000,410987000,304848000,0.38326708080792815,88.85350304929773
BA,2017-09-30,Q3,5065000000,1086000000,91007000000,60484000000,18.65561694290976,45.27910696357853
XOM,2017-09-30,Q3,11439000000,182276000000,349427000000,192328000000,0.25102591674164454,4.152884360787472
RMTI,2017-09-30,Q3,-16882001,40790360,65806400,42462265,-1.6554892871747149,-46.242039387114424
NATR,2017-09-30,Q3,3791000,136316000,222209000,253743000,0.11124152704011268,-19.354841545040237
PFS,2017-09-30,Q3,74466000,1300172000,9495146000,240250000,0.2290958427038884,-9.64299165210298
BANF,2017-09-30,Q3,66942000,764414000,7132168000,183314000,0.3502918575536293,3.0954414270470494
ORA,2017-09-30,Q3,89529000,1257445000,2503738000,186621000,0.28479655173784935,-11.38224796368828
PRZM,2017-09-30,Q3,-3175000,-3626000,273000,110000,3.5024820739106453,7.675908960895811
BMXC,2016-11-30,Q2,-135834,-287493,336782,115153,1.889910363034926,-96.53846170372596
ZBH,2017-09-30,Q3,582200000,10449800000,26417500000,5749800000,0.22285593982659954,11.699237787240202
LDOS,2017-09-29,Q3,251000000,3294000000,8923000000,7654000000,0.3047965998785671,16.784873752976647
RGS,2017-09-30,Q1,-22975000,488467000,1016918000,235559000,-0.18813962867501796,33.616750298938555
JACK,2017-10-01,FY,135332000,-388032000,1228421000,1152479000,-0.3487650503051295,-16.66169113928352
APLE,2017-09-30,Q3,184795000,3503949000,4913887000,949555000,0.21095626677214765,-7.753161309793271
PCYO,2017-08-31,FY,-1710868,67506099,69787572,1227787,-0.025343902630190495,51.03448012779499
FCF,2017-09-30,Q3,51184000,894301000,7384339000,184710000,0.22893410607837852,12.946112195479076
ASGN,2017-09-30,Q3,90344000,924978000,1804868000,1946889000,0.39068604874926754,44.746015169805446
CPHC,2017-09-30,Q3,2182218,38799678,53325686,44956390,0.2249727948773183,26.033053877868216
BLDR,2017-09-30,Q3,81482000,412005000,3093045000,5255270000,0.7910777781823036,-17.24915166529063
VRA,2017-10-28,Q3,-1497000,277939000,354405000,322648000,-0.02154429569078107,74.75728591962708
FIVE,2017-10-28,Q3,35074000,381311000,643316000,773376000,0.3679306392944342,99.0083025037098
LPTH,2017-09-30,Q1,217695,30169082,47074009,7572093,0.02886332437957509,-21.705424780599454
TLF,2017-09-30,Q3,2780411,57930995,74371841,57818996,0.19198089036792826,-8.125001192092896
BHE,2017-09-30,Q3,2228000000,27473000000,91054000000,14003000000,0.3243912204710079,-33.14285823277065
SPXC,2017-09-30,Q3,30700000,255000000,1932800000,1038800000,0.4815686274509804,11.516573275549675
NKSH,2017-09-30,Q3,11004000,187661000,1232483000,30834000,0.2345505992188041,-0.5470459427272881
REAC,2017-09-30,Q3,-18465,-93053,1399,0,0.7937412012509,-99.16666666666667
JAZZ,2017-09-30,Q3,255641000,2469297000,4999024000,1171304000,0.4141113847382474,11.989608615579758
STT,2017-09-30,Q3,1807000000,22497000000,235986000000,8324000000,0.32128728274881097,-13.037158019544048
FLS,2017-09-30,Q3,110216000,1748688000,4834140000,2626762000,0.252111297155353,29.966721119171208
JUVF,2017-09-30,Q3,3959000,60448000,599922000,15979000,0.2619772366331392,10.2051270313752
ULH,2017-09-30,Q3,3752000,146308000,603855000,902642000,0.10257812286409493,79.07542872650922
LIQT,2017-09-30,Q3,-3505090,5194158,10496305,8350758,-2.699255586757276,325.64103269483
HMN,2017-09-30,Q3,44130000,1390441000,11044348000,868557000,0.12695252801089726,12.53132784157171
LLY,2017-09-30,Q3,1452800000,14890300000,43010400000,16710600000,0.39026748957374935,24.2733056802014
BWFG,2017-09-30,Q3,11734000,158317000,1804938000,52472000,0.2964684778008679,-14.967462846783949
CTO,2017-09-30,Q3,17392200,159499918,436710801,73931669,0.4361682493153382,2.535386130316654
BOOM,2017-09-30,Q3,-16892000,106305000,164866000,138314000,-0.6356050985372278,140.70794926610404
SMME,2017-06-30,FY,-1086091,-1341212,121422,0,0.8097832408299359,-23.611108236658595
HE,2017-09-30,Q3,134344000,2103022000,12742850000,1897028000,0.25552561979855654,5.796673003327994
HNNA,2017-09-30,FY,14942000,51530000,97927000,52955000,0.2899670095090239,-10.297922552625497
FLIC,2017-09-30,Q3,27556000,342957000,3733142000,87805000,0.32139306093766856,-29.497569753469783
AGYS,2017-09-30,Q2,-6206000,109428000,155697000,17601000,-0.22685235954234748,34.8221590681411
SLCA,2017-09-30,Q3,73254000,1348795000,2286906000,751111000,0.2172427982013575,-38.76422789038681
ARAO,2016-12-31,Q3,-923194,-2030630,1215597,0,1.8185371042484353,80.0000044703483
NVEE,2017-09-30,Q3,12501000,165214000,306255000,239058000,0.30266200200951493,54.821423121861045
AGIO,2017-09-30,Q3,-226385000,449806000,687200000,33212000,-2.013179014953113,13.04602956116332
KBLB,2017-09-30,Q3,-2034269,-3077728,170094,27222,2.6438580667297433,39.9999985098839
EXPE,2017-09-30,Q3,318484000,4603420000,19035232000,7740636000,0.2767368608556247,-11.14137906453354
CTHR,2017-09-30,Q3,-1136966,34056844,40770080,18495982,-0.1335374469812881,-2.2471889042670363
EVOL,2017-09-30,Q3,2834000,34164000,58766000,2131000,0.3318112633181126,-49.46236867879296
MPW,2017-09-30,Q3,218862000,3826444000,8927040000,499784000,0.2287889225609992,13.816789414011557
MEEC,2017-09-30,Q3,95410,-2602491,14019435,20472465,-0.14664411903825988,-23.529415373983642
AWX,2017-09-30,Q3,-640000,38493000,66838000,41643000,-0.06650559842049204,89.79591613310373
QSR,2017-09-30,Q3,656900000,2135600000,23927500000,1784100000,1.2303802210151713,-7.764117199946771
CME,2017-09-30,Q3,1124200000,20863900000,78323000000,2744700000,0.21553017412851863,24.787400535400057
TRMB,2017-09-29,Q3,156100000,2557500000,4180700000,1297100000,0.2441446725317693,10.726112317127786
PBIO,2017-09-30,Q3,-7889676,-12650434,1888571,1610124,2.4946736214741723,-7.960197382116542
PNFP,2017-09-30,Q3,147181713,3673349185,21790371081,428053325,0.16026977625869238,-10.29082954784148
BMTM,2017-09-30,Q3,-2139135,847216,3455815,1713688,-10.099596797038771,92.30769936149669
IP,2017-09-30,Q3,684000000,4914000000,33813000000,17196000000,0.5567765567765568,-14.342975888347146
BEBE,2017-07-01,FY,-138963000,-11100000,52521000,0,12.51918918918919,19.36561550206417
BTCS,2017-06-30,Q2,-34603871,-5482547,48863,3539,25.246565875313063,-61.33333312140571
DAN,2017-09-30,Q3,226000000,1188000000,5710000000,5372000000,0.7609427609427609,-35.15109592711186
GVP,2017-09-30,Q3,-44000,22513000,51038000,48876000,-0.007817705325811754,4.3478260869565215
IMGN,2017-09-30,Q3,-82894000,-111295000,225695000,75999000,2.979253335729368,19.570709290449457
PDFS,2017-09-30,Q3,1297000,198297000,221970000,75094000,0.026162776037963256,-43.597753879595906
LMFA,2017-09-30,Q3,-5901284,-1710024,4133951,3043927,13.80397935935402,-71.26436781609196
EFOI,2017-09-30,Q3,-9409000,20942000,24535000,15119000,-1.7971540445038678,-23.79182279643601
PCRX,2017-09-30,Q3,-47206000,264800000,606090000,205515000,-0.7130815709969789,30.026461687571643
SFDL,2017-09-30,Q3,5009467,77911524,861148657,22166792,0.25718747331909464,8.620689655172415
QNBC,2017-09-30,Q3,7800000,100512000,1150363000,28158000,0.3104106972301815,13.054195199381832
PLYZ,2017-09-30,Q2,-279366,-125274,442009,0,8.92015901144691,136.84210196096146
AHT,2017-09-30,Q3,-50235000,699042000,4746661000,1097704000,-0.2874505394525651,-5.192884375314451
TROX,2017-09-30,Q3,-274000000,748000000,4691000000,1234000000,-1.46524064171123,-44.65030233993423
WMK,2017-09-30,Q3,34760000,937424000,1405948000,2583059000,0.14832135725136117,-0.6182657531192817
EDIT,2017-09-30,Q3,-84135000,177788000,339127000,10061000,-1.8929286566022454,29.56026216103692
ATRO,2017-09-30,Q3,25332000,337330000,640628000,453146000,0.3003824148459965,44.27860034325018
DLR,2017-09-30,Q3,176609000,10469279000,21232498000,1726483000,0.06747704402566786,-5.048113940364617
JNJ,2017-10-01,Q3,12013000000,73979000000,155658000000,56255000000,0.6495356790440531,5.296446337134813
FRME,2017-09-30,Q3,71687000,1283120000,9049403000,224548000,0.22347714944821997,2.8577959580083303
MS,2017-09-30,Q3,5553000000,78978000000,853693000000,6411000000,0.28124287776342777,-4.803758303517039
KAMN,2017-09-29,Q3,36029000,618725000,1459441000,1331993000,0.2329241585518607,19.720330298900482
DSGT,2017-09-30,Q3,-1956136,-11058473,240974,975623,0.7075609806164016,-94.21052619030601
DRQ,2017-09-30,Q3,-29149000,1365993000,1437464000,269570000,-0.08535622071269765,18.615212043047105
SFIX,2017-10-28,Q1,13488000,78267000,298711000,295563000,0.6893326689409329,56.237628199955104
FF,2017-09-30,Q3,7564000,345715000,437571000,198726000,0.08751717455129225,14.585912026198342
ALV,2017-09-30,Q3,358600000,3958600000,8585200000,7653400000,0.3623503258727833,-2.746875871249438
CARS,2017-09-30,Q3,72685000,1506472000,2527924000,469697000,0.1929939620517341,3.060842354615043
ICFI,2017-09-30,Q3,35806000,584786000,1087647000,907988000,0.244916943976087,37.05721706431566
FRTG,2017-06-30,FY,-23790,-15088,7825,0,1.5767497348886532,-25.0
KSS,2017-10-28,Q3,391000000,5029000000,13900000000,12319000000,0.31099622191290516,77.78312958866717
PCYN,2017-09-30,Q1,7865,2295365,2638646,831071,0.01370588119972205,15.000000372529025
MDIT,2017-09-30,Q3,-4185000,8016000,19028000,4854000,-2.088323353293413,-53.37995162297964
FULO,2017-09-30,Q3,-26113,-1146458,139897,1504427,0.09110844008241034,-10.000001862645192
TRGP,2017-09-30,Q3,-195000000,5995800000,13998300000,5353100000,-0.13009106374462123,20.03837466735246
PRIM,2017-09-30,Q3,53042000,541247000,1261692000,1800978000,0.3919984775897141,-15.921411551683656
UTI,2017-09-30,FY,-8128000,125776000,274102000,324263000,-0.06462282152397913,-23.342937639800372
TSSI,2017-09-30,Q3,527000,-740000,6614000,13485000,-2.848648648648649,159.37500058207664
BKU,2017-09-30,Q3,196479000,2623489000,29554831000,891816000,0.29956900905626055,-0.3939206135114985
NXST,2017-09-30,Q3,95471000,1188973000,7504578000,1778302000,0.3211881178125996,33.55209271034832
SATS,2017-09-30,Q3,79675000,3881983000,8807156000,865817000,0.08209721680903806,-18.706174071093322
DWOG,2015-09-30,FY,-1884667,22980862,23684393,609575,-0.08201028316518327,-7.1428609441737585
KEYW,2017-09-30,Q3,-24712000,296080000,684790000,314708000,-0.3338557146717103,15.159572731077855
MPX,2017-09-30,Q3,15944000,72666000,101092000,201725000,0.8776594280681475,39.91441647725312
CTBI,2017-09-30,Q3,36581000,522929000,4135895000,115023000,0.27981618919585644,-1.5923567394850013
CBFV,2017-09-30,Q3,5569000,93154000,908329000,23953000,0.23913090151791658,3.3500837092812223
AEIS,2017-09-30,Q3,167451000,548386000,721291000,424478000,1.2214097369371208,-37.82352026528655
HRTG,2017-09-30,Q3,3929000,301681000,1598984000,298005000,0.052094762348308316,5.857140677315848
EVHC,2017-09-30,Q3,-204200000,6391200000,17591900000,5816300000,-0.1278007259982476,1.6900117876432654
ALOG,2017-10-31,Q1,5659000,464634000,537331000,105752000,0.04871791560669258,4.545446771816124
UPS,2017-09-30,Q3,3806000000,1509000000,41356000000,47043000000,10.088800530152419,-3.344648468338581
WD,2017-09-30,Q3,112280000,711360000,4500460000,504655000,0.6313540260908682,-0.3955529927841218
PBYI,2017-09-30,Q3,-227877000,79168000,181858000,6077000,-11.51359135004042,-61.743847260856356
BKYI,2017-09-30,Q3,-4751301,13313039,15020343,831761,-1.4275631581940083,-50.17921176901682
BMXC,2016-05-31,FY,-197296,-158663,306061,573838,1.2434909210086789,-99.01428573959343
CCEL,2017-08-31,Q3,1635882,-13403750,21316811,17746408,-0.4881863657558519,18.51851851851852
CMPR,2017-09-30,Q1,23406000,84245000,1696094000,563284000,1.1113300492610838,35.930348866021454
AMNL,2017-09-30,Q3,-9010953,-28923120,3736863,2300998,1.2461937716262976,209.6590851364303
QRHC,2017-09-30,Q3,-4240317,63537805,88459056,115840966,-0.26694765423514394,118.80342193844298
DHX,2017-09-30,Q3,4220000,118316000,306004000,157014000,0.14266878528685892,-17.647061023470208
VNRX,2017-09-30,Q3,-10706325,13394022,18359711,0,-3.1973443077814863,-5.474456016253534
NOV,2017-09-30,Q3,-221000000,14084000000,20934000000,5335000000,-0.06276625958534507,21.86705428740697
UE,2017-09-30,Q3,88811000,1032074000,2706512000,309666000,0.3442040008759062,-7.653701109931727
BSX,2017-09-30,Q3,719000000,7588000000,18636000000,6640000000,0.3790195044807591,30.641333210189504
ONTX,2017-09-30,Q3,-17885000,-6908000,8802000,644000,10.356108859293572,-70.87301627668754
UIS,2017-09-30,Q3,-121100000,-1628200000,2296900000,1735600000,0.29750644883920896,127.9329614891385
SCL,2017-09-30,Q3,81661000,734933000,1442831000,1451184000,0.4444541203075654,1.150901571493913
SNOA,2017-09-30,Q2,-6378000,16160000,20153000,7747000,-1.5787128712871288,-72.13740376200657
GS,2017-09-30,Q3,6214000000,86292000000,930132000000,9377000000,0.2880452417373569,-6.8190271429547895
ACRL,2017-09-30,Q4,-11050259,-10357406,10448,36,4.26757780857485,-95.23809518859892
SNYR,2017-09-30,Q3,2635959,10946177,25676316,29282910,0.9632436968632976,-53.57143047208688
ENZ,2017-10-31,Q1,-640000,89182000,109256000,20334000,-0.028705344127738782,-67.41116838750817
H,2017-09-30,Q3,174000000,3651000000,7861000000,3501000000,0.19063270336894,30.754062320510407
COKE,2017-10-01,Q3,22075000,293761000,2911096000,3197519000,0.30058448875105953,-16.36997927854269
ABT,2017-09-30,Q3,1305000000,32032000000,72248000000,19801000000,0.16296203796203795,36.66169931686504
AEXE,2017-08-31,FY,-1865523,-1468661,816798,0,1.2702202890932626,-95.45454554474327
RES,2017-09-30,Q3,104808000,881853000,1148626000,1167928000,0.47539896105133167,-37.378640889065224
IINX,2017-09-30,Q1,-10204,55538,464466,381541,-0.734920234794195,-19.62962822331979
ATLO,2017-09-30,Q3,11010865,173328884,1364940252,34167340,0.2541034072543847,-10.655737704918032
GBLX,2017-09-30,Q2,-6301270,7534839,15159528,190745,-3.3451384959917525,23.076924840374172
WESC,2017-09-30,Q1,-6504,-60474,18806,0,0.4302014088699276,-53.84615338692179
LCNB,2017-09-30,Q3,9355000,149713000,1314319000,32853000,0.24994489456493424,-12.235295912798714
WSBC,2017-09-30,Q3,78584000,1394558000,9918277000,247573000,0.225401883607566,7.189232189220723
GLW,2017-09-30,Q3,915000000,17317000000,28094000000,7479000000,0.21135300571692556,17.04243838081278
EVBG,2017-09-30,Q3,-13870000,47174000,130119000,75177000,-1.1760715648450417,111.13553480031038
EVRI,2017-09-30,Q3,-26854000,-123804000,1425605000,727089000,0.8676294788536719,22.429911301919546
CDNS,2017-09-30,Q3,218543000,1010740000,2305227000,1441310000,0.8648831549162,14.156168322120333
HMMR,2017-07-31,FY,-5260193,2784431,6614609,87692,-1.8891446762372635,-97.82758622333921
OI,2017-09-30,Q3,329000000,939000000,9999000000,5157000000,1.4014909478168265,-25.347632663599097
TVPT,2017-09-30,Q3,94910000,-244722000,2958685000,1873712000,-1.5513112838240943,6.637175503566574
PCYN,2017-06-30,FY,12378,2287500,2729811,4012419,0.005411147540983607,-10.526313725600916
CIEN,2017-10-31,FY,1261953000,2136342000,3951711000,2318581000,0.5907073867386402,42.78326368417248
MBRX,2017-09-30,Q3,-6620000,18651000,20633000,0,-1.4197630153879148,-37.00787583886276
USRM,2017-09-30,Q3,-3828368,-7535463,1700219,1523004,2.032187272368002,16.38119878595132
CIIT,2017-07-31,FY,37879,-9138,2360,0,-4.145217771941343,318.18182803382564
WSFS,2017-09-30,Q3,60076000,740861000,6875344000,188170000,0.32435774052082644,-4.069175865532663
FFBC,2017-09-30,Q3,71976000,914954000,8761689000,244535000,0.31466499955189003,12.075474577130011
MUR,2017-09-30,Q3,-25000000,4980134000,10192759000,1552473000,-0.020079780985812833,25.38548311870939
IVZ,2017-09-30,Q3,738400000,8314000000,30372500000,3784700000,0.3552561943709406,-35.603715319859106
HAE,2017-09-30,Q2,40239000,801253000,1271163000,436328000,0.20088037111873527,148.43886488436263
QUIK,2017-10-01,Q3,-10722000,17794000,27521000,9168000,-2.410250646285265,-40.476191634686955
DRNG,2017-10-31,Q3,-79466,-182285,146999,0,1.7437748580519516,-76.86046622439675
CFR,2017-09-30,Q3,263625000,3189043000,30989972000,658652000,0.3306634623615925,8.520370697892222
MSM,2017-09-02,FY,231431000,1225140000,2098912000,2887744000,0.18890167654308895,22.99281058551596
MNTR,2016-12-31,FY,-855141,4051629,5378599,20000,-0.21106103248841393,76.15384968074834
BEBE,2017-09-30,Q1,2663000,-8340000,30872000,0,-1.2772182254196642,11.111109148818315
WRD,2017-09-30,Q3,35814000,1134735000,2536532000,246951000,0.12624621607688138,79.90866645343264
KAR,2017-09-30,Q3,189200000,1402700000,6905600000,2567600000,0.539530904683824,24.328260390848257
NCSM,2017-09-30,Q3,5144000,359752000,468797000,114362000,0.05719495652560653,-29.01977567875041
HCGS,2017-09-30,Q3,-161975,9543908,10219627,3990199,-0.06788623695869658,-44.000000745058074
NTRS,2017-09-30,Q3,842400000,10165200000,131400200000,1281300000,0.3314838861999764,10.41080784153294
AZPN,2017-09-30,Q1,34755000,-267457000,202723000,122781000,-0.5197844887215515,78.87877373777431
OMER,2017-09-30,Q3,-36900000,9211000,125517000,51067000,-16.024318749321463,9.265889349532648
CANN,2017-09-30,Q3,4225197,-6086559,2807289,2532701,-2.7767393694861084,179.562037253686
MBWM,2017-09-30,Q3,23295000,362546000,3254655000,92641000,0.2570156614608905,-5.947014198350713
BMY,2017-09-30,Q3,3304000000,14783000000,33977000000,14212000000,0.8939998647094636,-3.841381383709398
DYSL,2017-09-30,FY,1947000,18971000,29097000,37284000,0.10263033050445416,5.73769931157614
CFBK,2017-09-30,Q3,1645000,40550000,448901000,12438000,0.162268803945746,14.51020443822185
CNET,2017-09-30,Q3,-3874000,19567000,29140000,31171000,-0.7919456227321511,72.99999237060547
VLGEA,2017-10-28,Q1,3016000,287413000,448908000,386474000,0.0419744409612648,6.874741168516953
DXYN,2017-09-30,Q3,-59000,88018000,305728000,307378000,-0.0026812697402803973,-59.99999940395355
SRRE,2015-12-31,FY,-6722062,-14547303,106284232,4763774,0.46208304040962095,200.0
OXY,2017-09-30,Q3,814000000,20669000000,41443000000,9016000000,0.15753060138371475,28.170328165115755
AIT,2017-09-30,Q1,33721000,773668000,1384907000,680701000,0.17434351685736,17.140713211301097
KEQU,2017-10-31,Q2,2957000,44937000,85868000,75352000,0.2632129425640341,5.859649390505071
VIAV,2017-09-30,Q1,-4800000,766300000,1957900000,171900000,-0.025055461307581888,16.666665031422685
CULP,2017-10-29,Q2,8959000,153080000,201043000,160230000,0.23409981708910374,-27.682336498954978
HSII,2017-09-30,Q3,-9427000,250971000,553427000,452020000,-0.15024843507815644,55.63217689251078
AA,2017-09-30,Q3,615000000,5862000000,17254000000,7837000000,0.4196519959058342,-15.215109691156034
OUT,2017-09-30,Q3,90300000.0,1195000000.0,3813900000.0,1119200000.0,0.30225941422594144,-17.664048122808378
FMCC,2017-09-30,Q3,8546000000,5250000000,2030656000000,50753000000,6.511238095238095,-54.24836593668506
MYE,2017-09-30,Q3,8364000,97732000,373407000,428081000,0.3423239061924446,6.164385410890369
AME,2017-09-30,Q3,442938000,3766155000,7783301000,3157085000,0.47044054214444175,18.38994550171687
ADM,2017-09-30,Q3,810000000,17577000000,38969000000,44758000000,0.18433179723502305,17.94932359830682
SWK,2017-09-30,Q3,274200000,8015700000,19773200000,3298600000,0.13683146824357198,-5.235227076811755
XOMA,2017-09-30,Q3,15915000,4063000,49710000,340000,15.668225449175486,-10.857430182908065
NSC,2017-09-30,Q3,1436000000,12727000000,35153000000,7882000000,0.45132395694193445,37.116378636350625
SYBX,2017-09-30,Q3,-28680000,95565000,104470000,2333000,-1.200439491445613,-24.81481309547249
AMBA,2017-10-31,Q3,17591000,469064000,542587000,224827000,0.15000938038306075,-39.22749810126886
DDD,2017-09-30,Q3,-55224000,617692000,841374000,276777000,-0.3576151220996872,34.04254685956409
UWHR,2017-09-30,Q3,1837000,34517000,591952000,14367000,0.21288060955471216,3.2981790220987897
ARAO,2017-03-31,FY,-1179730,-2182923,1256409,0,0.5404359200942955,150.00000931322595
RDNT,2017-09-30,Q3,8612000,65866000,847919000,686634000,0.523001244951872,28.085108006254156
NBTB,2017-09-30,Q3,64514000,955238000,9155396000,229177000,0.2701483818692305,2.510690373625361
WABC,2017-09-30,Q3,45865000,603957000,5445808000,99632000,0.3037633473906255,-0.7260703593860377
ENZB,2017-09-30,Q1,-25445,215159,219259,0,-0.47304551517714805,833.333280351429
HQY,2017-10-31,Q3,41457000,334413000,356117000,169089000,0.49587785163854275,74.27318700857859
YUM,2017-09-30,Q3,904000000,-6121000000,5454000000,4301000000,-0.5907531449109623,23.267801575741526
PFTI,2017-09-30,Q3,-852908,-8552565,1304574,1780006,0.3989016160648881,46.34145610145291
TEX,2017-09-30,Q3,155400000,1379700000,3602700000,3299800000,0.4505327245053272,-11.801105309586498
TWX,2017-09-30,Q3,3856000000,27267000000,68343000000,22660000000,0.5656654564125133,-4.181223429790254
RSKIA,2017-10-31,Q2,1240000,36132000,41561000,5337000,0.13727443817115023,-0.24389639700671864
DNOW,2017-09-30,Q3,-49000000,1187000000,1780000000,1979000000,-0.16512215669755687,19.667384876063025
FCCO,2017-09-30,Q3,5313000,86595000,914228000,23416000,0.24541832669322708,15.789479448044325
NODK,2017-09-30,Q3,2173000,239912000,418707000,139386000,0.03622995098202674,-6.329813299059659
OFIX,2017-09-30,Q3,4655000,285311000,386301000,316927000,0.06526211747882135,19.888013085471368
AHH,2017-09-30,Q3,24157000,232179000,1030998000,242474000,0.4161788964548904,7.928568976266044
EDUC,2017-08-31,Q2,2262200,17442600,61811600,51112100,0.5187758705697545,126.54027664871077
FKYS,2017-09-30,Q3,6261000,115309000,985108000,24071000,0.21719033206427946,-10.442480576776825
HLIT,2017-09-29,Q3,-71110000,220598000,511962000,158657000,-1.2894042557049474,80.32787167170589
NSSC,2017-09-30,Q1,890000,57824000,69745000,21174000,0.061566131710016604,49.49999809265137
CARV,2017-03-31,FY,-2853000,47398000,687861000,26126000,-0.060192413181990805,-22.950823302979263
SEB,2017-09-30,Q3,224000000,3383000000,4993000000,3413000000,0.26485368016553357,-17.864412147981433
AXGN,2017-09-30,Q3,-7946283,10552137,42227825,43455390,-3.012198571720591,92.93192533059793
EPC,2017-09-30,FY,5700000,1741700000,4188800000,2298400000,0.0032726646379973587,-35.79166730244954
WAL,2017-09-30,Q3,236186000,2145627000,19922221000,617054000,0.44031138683471077,6.197498065591716
ASPS,2017-09-30,Q3,24648000,62780000,596401000,726147000,1.5704364447276202,23.39203103632922
KERX,2017-09-30,Q3,-133011000,8962000,173822000,38218000,-59.366659227850924,-53.360766623334875
GLT,2017-09-30,Q3,17994000,710596000,1696794000,1191380000,0.10128962166969699,-2.748086608966053
QURT,2017-09-30,Q3,100731,223881,292726,976897,1.7997239604968711,0.0
KFY,2017-10-31,Q2,66161000,1132014000,2062101000,844272000,0.23378156100542927,5.163757477554114
IHT,2017-10-31,Q3,8730354,9343483,25952496,8178941,3.7375158706876226,-16.666664382963813
PG,2017-09-30,Q1,2870000000,55415000000,122851000000,16653000000,0.20716412523684924,-9.305866403535543
GLGI,2017-08-31,Q1,530282,443322,27559326,10287075,4.78462156175421,33.33333806386084
OTEX,2017-09-30,Q1,36690000,3563881000,7696420000,640687000,0.04117982615019974,17.046156663161057
OPRX,2017-09-30,Q3,-1866970,6052242,9814642,8120502,-1.2339030726134217,383.8709640205217
GPN,2017-09-30,Q3,243765000,3531349000,12281549000,2920910000,0.27611544483425454,32.52887253291699
ANIP,2017-09-30,Q3,8553000,182801000,370469000,129556000,0.1871543372301027,4.048584388593676
EVC,2017-09-30,Q3,163496000,341753000,764421000,462574000,1.9136159741099565,-14.035083169605295
MXL,2017-09-30,Q3,10261000,396648000,877014000,306597000,0.10347713841995926,-16.680642698132427
GLRE,2017-09-30,Q3,-6440000,867505000,3170708000,521140000,-0.02969435334666659,-45.132745976865884
EOG,2017-09-30,Q3,152111000,13922264000,28805305000,7867881000,0.043702949462817255,31.27186591295974
TTWO,2017-09-30,Q2,57540000,1472446000,3696380000,861778000,0.1563113350167001,37.39918856303397
CZFS,2017-09-30,Q3,10421000,129882000,1269787000,35198000,0.32093746631557873,10.834206730305128
C,2017-09-30,Q3,12095000000,227634000000,1889000000000,45445000000,0.2125341557060896,-2.7913348276470225
DVMT,2017-11-03,Q3,-3302000000,9519000000,118394000000,42003000000,-1.387540708057569,12.748852737029864
ARAO,2016-09-30,Q2,-697631,-1861887,1211690,0,1.49876120301608,0.0
NPHC,2017-09-30,Q3,-3036824,-5042956,136937,88207,2.4087650179775513,-42.857142263187114
SXI,2017-09-30,Q1,13998000,426424000,879940000,214379000,0.13130593024782844,-4.181987981740503
LPX,2017-09-30,Q3,109800000,1465300000,2308000000,718300000,0.299733842899065,-4.056504217582258
URG,2017-09-30,Q3,3502000,41866000,92831000,38342000,0.3345913151483304,40.35088104554496
KRO,2017-09-30,Q3,307100000,710700000,1710400000,1275700000,1.7284367524975377,-32.036804250507714
BC,2017-09-30,Q3,263300000,1570100000,3399200000,3653800000,0.670785300299344,16.678269925833224
WSR,2017-09-30,Q3,-16051,-542763,198536,0,0.1182910404725451,5.551334730701947
GRST,2017-09-30,Q3,6191925,5890111,16017973,1373028,4.2049632001841735,53.846147233212626
TZOO,2017-09-30,Q3,2855000,12149000,43164000,79527000,0.9399950613219195,31.666670905219185
CDTI,2017-09-30,Q3,-3842000,5614000,14594000,23470000,-2.7374421090131813,-76.41975460901357
DK,2017-09-30,Q3,77700000,1783600000,5569100000,4754300000,0.17425431711145997,58.676143112777304
IOVA,2017-09-30,Q3,-66210000,165441000,173970000,0,-1.6008123741998659,40.625
ANCB,2017-09-30,Q1,1044000,66776000,460387000,5297000,0.06253743860069486,14.112903659971412
SND,2017-09-30,Q3,10648000,178529000,223197000,94176000,0.23857188467979992,-40.348327820638914
PEGA,2017-09-30,Q3,36615000,371701000,665070000,601042000,0.39402638141947427,6.734862481630591
AIRT,2015-12-31,Q3,5504120,35683451,49757287,113631022,0.616994135460721,-3.759707981575808
CPLA,2017-09-30,Q3,30775000,227872000,296711000,328379000,0.540215559612414,45.15003180067869
IPI,2017-09-30,Q3,-21520000,403501000,507825000,124302000,-0.21333280462749782,-18.96162044209328
EKSO,2017-09-30,Q3,-20144000,29667000,43405000,4862000,-2.7160144268041932,93.38842540958342
NROM,2017-09-30,Q3,-403125,13629893,21091195,7192025,-0.11830613783982016,3.225803350434739
ESSA,2017-09-30,FY,7339000,182727000,1785218000,58318000,0.040163741537922695,1.8159045523108268
PHH,2017-09-30,Q3,-163000000,594000000,2301000000,347000000,-1.0976430976430978,-21.500001634870255
DVN,2017-09-30,Q3,247000000,7129000000,27559000000,3156000000,0.1385888623930425,9.125683857472065
CLF,2017-09-30,Q3,57100000,-833300000,1923300000,1552300000,-0.2740909636385455,71.3125856040472
NATH,2017-09-24,Q2,6042000,-60407000,84488000,46872000,-0.40008608273875546,20.34722434149848
ANSS,2017-09-30,Q3,206666000,2287254000,2846013000,792914000,0.3614220370802718,50.8159593769562
BOH,2017-09-30,Q3,141719000,1227893000,17268302000,372181000,0.4616656337319294,-6.493655370509764
CTMX,2017-09-30,Q3,-43720000,45479000,387039000,44550000,-3.845291233316476,-3.896103896103896
MET,2017-09-30,Q3,1641000000,56714000000,720515000000,46315000000,0.11573861833057093,-10.395086751806458
BDMS,2017-09-30,Q3,-1683897,-918326,16856827,45983886,7.334637154997245,-4.545454545454546
LNC,2017-09-30,Q3,1264000000,16314000000,276785000000,10588000000,0.3099178619590536,-8.887689582897334
CZNC,2017-09-30,Q3,11491000,191013000,1259921000,34078000,0.2406328365085099,2.629513690466655
MMM,2017-09-30,Q3,4344000000,12146000000,35237000000,23667000000,1.4305944343816894,-0.963521266166833
CRTO,2017-09-30,Q3,22269000,796743000,1358194000,563973000,0.11180016642756824,-46.73786696865394
NWBO,2017-09-30,Q3,-46144000,-42833000,49748000,304000,4.30920084981206,11.764703304297399
IBM,2017-09-30,Q3,6807000000,19627000000,121636000000,37592000000,1.3872726346359607,3.1024100581314866
GNRT,2017-09-30,Q3,-123149000,1312738000,2704944000,248987000,-0.37524319399606015,43.383946682780525
SUM,2017-09-30,Q3,79055000,1201560000,3992792000,1088299000,0.2631745397649722,-42.60734865260985
SIG,2017-10-28,Q3,168000000,2139000000,5800700000,3959900000,0.3141654978962132,-20.68054886119789
DIN,2017-09-30,Q3,-416075000,-216677000,1641208000,6280000,7.681018289896944,85.34305798557371
LULU,2017-10-29,Q3,138901000,1421276000,1720449000,1720379000,0.39091914589425275,118.4381151291929
ASTE,2017-09-30,Q3,26736000,674024000,877012000,872364000,0.15866497335406454,-3.980952671595982
SRRE,2015-06-30,Q2,-3951177,-13472198,105755520,2348709,1.173135074172752,66.66667287548397
VNUE,2017-09-30,Q3,-1081526,-2690827,75862,37825,1.6077228301930968,95.62499599822351
IDN,2017-09-30,Q3,-3110155,18835287,20433046,2630684,-0.6604953776387904,-17.704917058865234
MTD,2017-09-30,Q3,298996000,512979000,2497199000,1514516000,2.3314482659134192,-4.218308876871506
RILY,2017-09-30,Q3,17386000,274684000,1226077000,202354000,0.25317819749239123,30.17241445458981
INTG,2017-06-30,FY,-1676000,-47545000,133209000,69005000,0.035250815017351986,5.157478289829139
AVB,2017-09-30,Q3,639174000,10333813000,18177837000,1603337000,0.24741070890289962,2.0046160436989595
MORN,2017-09-30,Q3,98000000,779200000,1383700000,668600000,0.5030800821355236,47.30314698460838
AFG,2017-09-30,Q3,311000000,5379000000,60163000000,5057000000,0.23126975274214537,6.2625690859097
ORN,2017-09-30,Q3,-9138000,220683000,426706000,416339000,-0.16563124481722652,11.521421152228749
WMB,2017-09-30,Q3,887000000,8109000000,46120000000,3853000000,0.4375385374275496,-9.517466807372509
STLY,2017-09-30,Q3,-707000,19467000,36063000,33231000,-0.14527148507731033,-54.9999986754523
SBFG,2017-09-30,Q3,7033000,90909000,860462000,23718000,0.30945230945230945,20.129873891545714
ENVA,2017-09-30,Q3,22357000,274805000,1139778000,600045000,0.325423482105493,106.45161025688705
VSH,2017-09-30,Q3,157941000,1600865000,3334254000,1929033000,0.3946391482104987,5.7142876959466316
IZEA,2017-09-30,Q3,-4724623,5836766,15135791,21337401,-3.2378361578997685,-76.65198169253385
NX,2017-10-31,FY,18683000,406847000,773879000,866555000,0.045921439754993895,-30.52392041029805
FZMD,2017-09-30,Q3,-92476,379263,796757,911033,-0.9753231926130416,-82.86604344595504
NTAP,2017-10-27,Q2,311000000,2777000000,10308000000,1530000000,0.44796543032048974,63.190189579453225
GCO,2017-10-28,Q3,-164821000,752707000,1498483000,716759000,-0.8758839761022549,71.56378574336128
FLEX,2017-09-29,Q2,329796000,2872285000,13561906000,12278692000,0.4592803290759796,-20.82075964275831
URI,2017-09-30,Q3,449000000,2211000000,13744000000,4719000000,0.8123021257349615,17.52874259354038
WTI,2017-09-30,Q3,56317000,-597271000,887371000,357997000,-0.377162125735219,200.31153360632382
SOHU,2017-09-30,Q3,-200426000,779777000,2605283000,1351332000,-1.0281195777767234,-64.60114099932163
TNC,2017-09-30,Q3,-3017000,294313000,1002798000,723771000,-0.04100396516633652,12.186115763501832
VVI,2017-09-30,Q3,80128000,454464000,952796000,1029680000,0.7052527812984086,-2.9484017355529355
FTLF,2017-09-30,Q3,-1395833,9252790,14780983,14637273,-0.6034214545018314,28.125001746229866
ALB,2017-09-30,Q3,306539000,3898819000,7523300000,2214187000,0.31449420965682173,-26.96530350940992
CLAR,2017-09-30,Q3,-6692000,155515000,215793000,118010000,-0.17212487541394722,42.58063891669837
COLB,2017-09-30,Q3,97100000,1328428000,9814578000,265905000,0.29237565001641036,-8.926472314545403
BMRC,2017-09-30,Q3,14866000,245049000,2155901000,55946000,0.2426616717472832,20.373034719329123
LXRX,2017-09-30,Q3,-100672000,78376000,329487000,10443000,-5.137899356946004,-12.397374310739345
NTRA,2017-09-30,Q3,-90812000,30184000,204056000,153520000,-12.03445534057779,78.39046496241798
MU,2017-11-30,Q1,2678000000,22526000000,37191000000,6803000000,0.4755393767202344,-10.56852938603801
AMMJ,2017-09-30,Q3,498964,2251400,2344044,2560251,0.8864955139024607,-25.324675023083255
IART,2017-09-30,Q3,20388000,913116000,2418187000,819634000,0.08931176323709146,29.89549188682859
MCK,2017-09-30,Q2,421000000,11143000000,63846000000,103112000000,0.1511262676119537,-14.562669979584514
JLL,2017-09-30,Q3,177500000,3143700000,7554300000,5396900000,0.2258485224417088,13.781150655163147
RARE,2017-09-30,Q3,-220408000,365558000,435047000,198000,-2.41174314335892,33.18212970050633
KOSS,2017-09-30,Q1,17500,17672853,23727555,6066630,0.003960877171331647,89.26173927472428
ADP,2017-09-30,Q1,401500000,3953400000,35661100000,2080900000,0.4062326099053979,37.81559100136222
HYSR,2017-09-30,Q1,-228140,-4478038,131077,0,0.20378567578033058,0.0
VRTX,2017-09-30,Q3,-10550000,1791077000,3198325000,1544252000,-0.023561242760640665,26.611056232393075
NWPP,2017-09-30,Q3,3176000,50355000,665236000,19280000,0.25228874987588124,9.604524187901859
CADE,2017-09-30,Q3,87662000,1340848000,10502261000,288497000,0.2615121177046168,1.2383948462139602
HDSN,2017-09-30,Q3,16362000,127893000,141129000,115766000,0.5117402828927307,-83.3766233364111
TAST,2017-10-01,Q3,3238000,164137000,577432000,804565000,0.07890969129446743,32.12669800414525
PTSI,2017-09-30,Q3,7338000,98288000,379362000,326949000,0.2986325899397688,168.7448314748759
BOTJ,2017-09-30,Q3,2562000,51792000,619336000,17430000,0.1978683966635774,9.109737084351575
DQWS,2017-09-30,Q3,-206374,621808,726627,135433,-1.3275737848339038,184.09091063028526
ONB,2017-09-30,Q3,114218000,1906823000,15065800000,360202000,0.23959853641371012,4.043126850925121
INND,2017-09-30,Q3,-1189635,-813115,1406329,390391,5.852234923719277,-81.42857179349782
SMBC,2017-09-30,Q1,4862000,177035000,1763491000,18411000,0.10985398367554439,0.5666461864299921
HON,2017-09-30,Q3,4097000000,21074000000,56768000000,23671000000,0.7776406946948847,16.640964243184246
CWCO,2017-09-30,Q3,4608831,147166902,165840457,360758,0.1252681394353195,6.53846447284405
MNRO,2017-09-23,Q2,34852000,607675000,1209238000,556507000,0.22941210350927715,33.20999262962366
LSBK,2017-09-30,Q3,2798000,78161000,512761000,14479000,0.1431916173027469,0.0
HWGG,2017-09-30,Q3,-669529,-1045750,3282698,186636,2.5609524264881665,81.81817787737894
VRNT,2017-10-31,Q3,-21740000,1060360000,2442953000,279056000,-0.08200988343581425,5.473937959309697
ADAP,2017-09-30,Q3,-42875000,228985000,301377000,33563000,-0.7489573552852807,55.68312698310333
BWA,2017-09-30,Q3,586100000,3825700000,9816200000,7212900000,0.6128028857463994,-17.49276531798961
OXBR,2017-09-30,Q3,-20568000,13919000,41215000,23625000,-5.910769451828436,-48.61110908749657
COMM,2017-09-30,Q3,140183000,1550634000,7146545000,3440150000,0.36161466858072244,-8.124251345711958
EQIX,2017-09-30,Q3,167767000,6542217000,18308496000,3168207000,0.10257501394404986,-2.607540508328309
MEDP,2017-09-30,Q3,27831000,550250000,948876000,287014000,0.20231531122217175,82.37443723051805
MO,2017-09-30,Q3,5259000000,12166000000,44160000000,19475000000,1.7290810455367418,-4.117647201522385
MCB,2017-09-30,Q3,9044000,118959000,1723657000,42889000,0.30410477559495286,10.507927824818763
LHO,2017-09-30,Q3,179272000,2504819000,3870553000,847305000,0.2862833601948883,18.784337759993324
SMSI,2017-09-30,Q3,-6501000,4562000,15634000,17242000,-5.7001315212626045,123.00884881065524
CERS,2017-09-30,Q3,-49099000,37183000,97086000,27328000,-5.281876126186698,151.2195235416342
FFBW,2017-09-30,Q3,231000,34378000,270294000,6553000,0.02687765431380534,-1.561146699201269
CAAS,2017-09-30,Q3,20047000,333430000,694720000,355333000,0.24049425666556698,-31.0546865177457
QLYS,2017-09-30,Q3,37584000,327641000,501327000,167913000,0.45884367341083687,69.87606706972271
CETX,2017-09-30,FY,4389915,38992305,70181373,120628200,0.11258413679314419,-49.82456216836035
EWBC,2017-09-30,Q3,420726000,3781896000,36307966000,965354000,0.44498949733149723,0.016564482160539344
ADMT,2017-09-30,Q2,226442,3893942,4685475,2216061,0.23260952525743836,6.250003492459733
EFBI,2017-09-30,Q3,95000,27038000,129584000,3178000,0.014054293956653599,0.37878450356315363
TGLS,2017-09-30,Q3,4556000,121637000,453862000,226445000,0.14982283351282916,39.038185078234676
DSKE,2017-09-30,Q3,-11802000,257917000,857421000,589079000,-0.18303562774070728,-39.425977368530155
TSLA,2017-09-30,Q3,-1469771000,4711480000,28107074000,6125643000,-1.2478210668409926,-22.47533558358358
TIPT,2017-09-30,Q3,-7360000,291983000,2448754000,486297000,-0.10082778791915968,-0.7575714336391136
LOAN,2017-09-30,Q3,2591936,23119957,45174110,4321969,0.4484326679327302,6.66666825612386
HBB,2017-09-30,Q3,4140000,32299000,329349000,474971000,0.5127093718071767,-27.42308678038915
DXLG,2017-10-28,Q3,-15502000,71779000,263652000,332454000,-0.8638738349656585,54.35897009534175
CMT,2017-09-30,Q3,4704000,102019000,138705000,110723000,0.18443623246650134,-69.68181783502753
VERI,2017-09-30,Q3,-46811000,47832000,79682000,10914000,-3.914617829068406,-79.01830517547992
CF,2017-09-30,Q3,-53000000,3167000000,14857000000,3031000000,-0.06694032207136091,53.78530022636024
XTNT,2017-09-30,Q3,-23991671,-30228660,128456484,62985537,3.1746919645131473,-60.390948571347835
RBB,2017-09-30,Q3,20640000,260331000,1642714000,52626000,0.31713472463901726,6.42918989055531
LTC,2017-09-30,Q3,67506000,756635000,1431193000,126336000,0.3568748471852346,-6.34819099922556
CQCQ,2017-09-30,Q3,-128223,-200877,101531,0,2.5532639376334774,0.47846846286744554
SCSC,2017-09-30,Q1,4147000,852976000,1950133000,924559000,0.019447206017519838,-10.53811010995737
EXPL,2017-09-30,Q3,-334839,148994,524527,0,-8.989328429332724,-24.99999813735488
AON,2017-09-30,Q3,1275000000,5175000000,25924000000,7089000000,0.9855072463768116,4.406277268650735
CHTR,2017-09-30,Q3,498000000,33229000000,148228000000,30979000000,0.05994763610099612,-10.49956936276753
SUME,2017-09-30,Q3,919461,7521278,30593941,86861854,0.4889918973876514,-17.083336230781228
PRI,2017-09-30,Q3,181813000,1280530000,12206839000,1246161000,0.5679304662913013,47.281619180326175
DBV,2017-09-30,Q3,-1621969,43077069,43211962,255873,-0.15061089694844373,-0.12859639676846205
TPR,2017-09-30,Q1,-17700000,2940000000,7454400000,1288900000,-0.024081632653061225,23.6046292624343
AIG,2017-09-30,Q3,616000000,72468000000,503073000000,36885000000,0.03400121432908318,-13.934689374125723
BFS,2017-09-30,Q3,46180000,329456000,1423728000,170610000,0.5606818512942547,-11.504423071636737
HUN,2017-09-30,Q3,454000000,2111000000,9983000000,6048000000,0.8602558029369967,-1.8385012007564212
MCHP,2017-09-30,Q2,359743000,3546124000,8055198000,1984280000,0.40578727647425755,-12.854775259361489
NVAX,2017-09-30,Q3,-132927000,-74151000,334077000,0,7.1706113201440305,60.68375678239736
FL,2017-10-28,Q3,333000000,2657000000,3813000000,5572000000,0.5013172751223184,49.1497734602479
LADR,2017-09-30,Q3,63515000,1124359000,6412040000,196410000,0.22595985801687896,21.958244170966267
SEE,2017-09-30,Q3,848400000,760600000,5939400000,3233800000,4.46174073100184,-6.649609177553543
PGAS,2017-09-30,Q3,1549223,11913286,14031592,11789592,0.5201664763189602,-79.14838047797869
POWW,2017-06-30,Q2,-3323660,87250,2733346,969363,-152.37409742120343,101.33333206176758
SUI,2017-09-30,Q3,71477000,2696060000,6157836000,740544000,0.10604660133676551,18.276066069047044
COSM,2017-09-30,Q3,-3074179,-2767023,10835151,19775398,4.444023775732981,-13.461535287326493
FWRD,2017-09-30,Q3,51948000,505590000,669168000,794700000,0.41098914139915743,22.94238224182538
CALA,2017-09-30,Q3,-16852000,158092000,205543000,18701000,-0.42638463679376565,-66.2379421221865
TPX,2017-09-30,Q3,94900000,84200000,2735300000,2106200000,4.508313539192399,-18.67794151556244
ENBP,2017-09-30,Q3,5733000,100867000,1010078000,24639000,0.22734888516561413,10.210215026356352
CP,2017-09-30,Q3,510000000,5565000000,19479000000,1595000000,0.3665768194070081,26.6598965839275
ACU,2017-09-30,Q3,4707000,50720000,110938000,100380000,0.37121451104100944,-10.097166801626154
ACM,2017-09-30,FY,421476000,3996126000,14396956000,18203402000,0.10547114880762018,-11.872642641211472
MUX,2017-09-30,Q3,-12800000,511251000,571037000,43373000,-0.10014650338092249,-3.4825907943006147
DG,2017-11-03,Q3,826805000,5744155000,12374756000,17341536000,0.5757539620710096,36.94882006250195
KALU,2017-09-30,Q3,60600000,783600000,1422700000,1044400000,0.3093415007656968,3.669202207534912
P,2017-09-30,Q3,-473646000,169327000,1165531000,76032000,-11.188906671706226,23.989571503067797
MDLZ,2017-09-30,Q3,2126000000,26031000000,63291000000,18930000000,0.3266874111636126,4.525549098311342
GSIT,2017-09-30,Q2,-3252000,85647000,101092000,20334000,-0.15187922519177555,-6.630578889999214
STAG,2017-09-30,Q3,23276000,1293961000,2601472000,219817000,0.07195270954843307,-1.6803694132737694
ESIO,2017-09-30,Q2,7162000,153606000,248039000,122409000,0.18650313138809682,24.022751538215026
JOE,2017-09-30,Q3,20943000,550722000,919686000,77235000,0.15211304433089654,-11.578951383891859
HTBI,2017-09-30,Q1,5567000,405499000,3249998000,27896000,0.05491505527757159,11.259537288883084
TYL,2017-09-30,Q3,102147000,1077778000,1493118000,622811000,0.37910218987583716,39.72290233844271
DCI,2017-10-31,Q1,60900000,881000000,2032400000,644800000,0.2765039727582293,8.345694805789808
SHOO,2017-09-30,Q3,94371000,797061000,1071403000,1181728000,0.47359486915054183,22.880367508190634
GKIT,2017-06-30,Q2,-1020727,-2609915,2260121,390255,1.5643835144056415,-38.333331160247276
WYNN,2017-09-30,Q3,345290000,329076000,12427954000,4617272000,4.197085171814414,-13.60577192432753
GSRX,2017-09-30,Q3,-3956658,2809342,2834688,0,-5.633572558983563,-85.27272722937845
NNN,2017-09-30,Q3,193186000,3765253000,6626220000,434686000,0.20523029926541456,7.096777369154967
UVSP,2017-09-30,Q3,33830000,528798000,4417363000,120598000,0.25590111914190294,-17.8571424340398
DJCO,2017-09-30,FY,-918000,159741000,280200000,41384000,-0.005746802636768269,5.553605583839799
YUMC,2017-08-31,Q3,514000000,2871000000,4460000000,4818000000,0.7161267850923023,8.795250443070175
COST,2017-09-03,FY,2714000000,10778000000,36347000000,126172000000,0.25180924104657637,46.49365701705343
ARKR,2017-09-30,FY,4039000,40444000,80067000,153877000,0.09986648204925329,-4.551040306602195
CGA,2017-09-30,Q1,5094828,402863099,461268017,62768503,0.05058619677648858,-28.688529128724078
QUAD,2017-09-30,Q3,51900000,466000000,2477400000,2530600000,0.4454935622317597,-10.596307893371435
NTNX,2017-10-31,Q1,-61487000,216580000,764910000,219052000,-1.135598854926586,38.07017008463542
EMR,2017-09-30,FY,1550000000,8718000000,19589000000,15264000000,0.17779307180545997,21.17088751043383
UNTY,2017-09-30,Q3,10393000,115814000,1329834000,40269000,0.3589548759217366,15.075377173407038
BPTH,2017-09-30,Q3,-4856000,6549000,7316000,0,-2.965948999847305,-84.05405405405405
FNRN,2017-09-30,Q3,7861000,100644000,1192850000,29646000,0.3124279639124041,17.09628530086818
TISI,2017-09-30,Q3,-104122000,453504000,1047490000,883877000,-0.9183777871860006,63.63636363636363
SPWR,2017-10-01,Q3,-343318000,702774000,4308641000,1213713000,-1.954073429011318,-0.544956938630617
GTII,2017-09-30,Q3,-725303,-3644141,239466,0,0.7961305558703684,2566.6665838824388
LTRX,2017-09-30,Q1,-641000,20422000,29518000,10606000,-0.1255508765057291,72.45764205833234
LNT,2017-09-30,Q3,371200000,4154200000,14114900000,2526100000,0.3574214048432911,2.3317337891407672
VIVE,2017-09-30,Q3,-26735000,6865000,33109000,10187000,-15.577567370721049,-51.711711711711715
SSNC,2017-09-30,Q3,163525000,2507639000,5598621000,1236930000,0.2608429682262878,41.33300951255169
APH,2017-09-30,Q3,761100000,4067200000,9608800000,5067400000,0.7485247836349331,10.911879634663858
GIS,2017-11-26,Q2,852400000,4230700000,22191500000,7967900000,0.8059186423050559,-19.759482804678395
CVSI,2017-09-30,Q3,-5366946,15277427,20410496,13437233,-1.4051963069435711,1565.5172629957399
NRG,2017-09-30,Q3,85000000,2299000000,8442000000,767000000,0.14789038712483688,46.20798138165264
BSRR,2017-09-30,Q3,15496000,219083000,2077993000,56790000,0.2829247362871606,6.642063511893303
HTH,2017-09-30,Q3,119469000,1906185000,13532800000,373491000,0.25069759755742493,-23.4244496604065
PLCE,2017-10-28,Q3,94596000,510466000,1013424000,1300303000,0.7412521108163913,35.556587060659645
AE,2017-09-30,Q3,-4175000,144353000,248529000,1427000,-0.11568862441376349,1.3607059038656206
FE,2017-09-30,Q3,775000000,6406000000,43649000000,10575000000,0.48392132375897595,20.486216237688403
EXPD,2017-09-30,Q3,120606000,1978003000,3068881000,1802166000,0.24389447336530834,21.859460711557997
NKE,2017-08-31,Q1,950000000,11993000000,23647000000,9070000000,0.31685149670641205,54.13747284439091
QCRH,2017-09-30,Q3,25804917,313038628,3550463094,97639232,0.3297346038713152,-11.771060157117743
ATUS,2017-09-30,Q3,-733064000,3067733000,35431152000,6961192000,-0.9558380732612649,-34.10824941080388
AEXE,2017-08-31,FY,-1865523,-1468661,816798,0,1.2702202890932626,-95.45454554474327
TOFB,2017-09-30,Q3,420000,2959000,4663000,10255000,0.5677593781683001,52.54237721914493
FSLR,2017-09-30,Q3,266839000,5512396000,7054693000,2602143000,0.19362832423505133,2.628227756991981
HOG,2017-09-24,Q3,513445000,1856820000,10088359000,3867982000,1.1060738251419093,-7.354447870701482
UUU,2017-09-30,Q2,-711588,13774774,19437014,6901053,-0.20663511430387171,-36.842101960961465
MNKD,2017-09-30,Q3,-84549000,-251015000,56483000,4726000,1.3473139055434935,-21.794867092335547
WHLR,2017-09-30,Q3,-4059000,77041000,471063000,44239000,-0.21074492802533715,-64.06381210293597
CTSH,2017-09-30,Q3,1522000000,10979000000,14580000000,10982000000,0.5545131614901175,6.487239165785434
ROYE,2017-09-30,Q3,114881000,134591000,310293000,168432000,3.414225319672192,15.428570338657924
WSCO,2017-09-30,FY,4234,-98823,15138,67500,-0.04284427714196088,650.0000465661298
ENGT,2017-09-30,Q3,-827447,-4465685,4107400,2112773,0.7411602027460513,-28.57142781116525
CSBK,2017-09-30,Q2,3706000,285943000,1554521000,23715000,0.05184250007868701,-5.722896030773116
STC,2017-09-30,Q3,42076000,665132000,1402945000,1430061000,0.2530384946146028,18.229573633678037
MXC,2017-09-30,Q2,-484722,8231375,11991230,1286772,-0.2355484958466842,20.430103006053166
IOSP,2017-09-30,Q3,66600000,747900000,1312600000,953000000,0.3561973525872443,23.1942230174917
RUN,2017-09-30,Q3,65631000,753936000,3717753000,211359000,0.3482046221429936,124.95477592060394
SGA,2017-09-30,Q3,39888000,171555000,277954000,86685000,0.9300340998513597,-20.11049386546098
TILE,2017-10-01,Q3,48924000,332192000,802399000,730233000,0.5891050958481842,4.474272854281895
ACIW,2017-09-30,Q3,-28029000,771309000,1814889000,697796000,-0.1453580860588947,21.397752455443907
HDP,2017-09-30,Q3,-156279000,-51105000,211427000,186804000,12.231992955679484,34.572262178392336
EGBN,2017-09-30,Q3,84663000,933982000,7393656000,237508000,0.36258942891833035,-25.258492237738707
CATO,2017-10-28,Q3,24045000,352426000,548351000,631049000,0.2729083552291829,50.00000373112026
OSUR,2017-09-30,Q3,23632000,249514000,282259000,111771000,0.37884848144793476,-32.26654900920302
AIRT,2017-06-30,Q1,1229880,23949558,69728069,47697373,0.2054117240911085,57.31132396942106
FSTR,2017-09-30,Q3,3824000,143819000,409164000,318414000,0.10635590568700937,-12.179489008251238
SBSAA,2017-09-30,Q3,-15357000,-129236000,434454000,98322000,0.4753164752855242,-83.52941215657032
ELF,2017-09-30,Q3,11995000,167960000,407020000,188295000,0.2856632531555132,-41.765785970709544
CHHE,2017-09-30,Q1,-179170,35208794,42383569,1515967,-0.020355141956864525,270.5882285911732
EXPR,2017-10-28,Q3,-10063000,638964000,1256977000,1444216000,-0.06299572432875718,23.649630581375455
LFVN,2017-09-30,Q1,817000,15772000,44793000,49127000,0.20720263758559473,137.36499998867126
CVR,2017-09-30,Q3,1309112,28283212,32010691,27305591,0.18514332813401815,4.501606435234751
WVE,2017-09-30,Q3,-71824000,165856000,202086000,2028000,-1.7322014277445494,127.27272727272727
KIM,2017-09-30,Q3,355105000,5213332000,11702241000,885609000,0.2724591489665343,-13.533061759473888
INFU,2017-09-30,Q3,-2713000,48746000,85335000,6956000,-0.22262339474008125,51.16278399255513
RMBS,2017-09-30,Q3,13306000,589537000,824128000,27966000,0.09028101713717714,-19.60206269147279
LYTS,2017-09-30,Q1,-15629000,144394000,239189000,87466000,-0.4329542778785822,-32.94460910927168
PRPH,2017-09-30,Q3,41556000,36650000,39082000,5716000,4.535443383356071,40.18690901579813
ASG,2016-12-31,FY,-90733,-80545,3580,0,1.1264882984666957,31.9047669867001
OOMA,2017-10-31,Q3,-10194000,38258000,73750000,84270000,-1.065816299858853,43.42857542492094
CONN,2017-10-31,Q3,3262000,529391000,1874389000,774741000,0.02464718893974397,-3.6097580824441056
AEL,2017-09-30,Q3,137842000,2762667000,60379715000,2652382000,0.19957816124780872,21.88900493405643
FSBW,2017-09-30,Q3,10406000,118239000,993891000,33522000,0.35203274723230066,8.870654334615583
DAIO,2017-09-30,Q3,3913000,20179000,28087000,25955000,0.7756578621339015,-48.21782354910733
SGRY,2017-09-30,Q3,-2648000,695402000,4601854000,132258000,-0.015231477620139143,49.32126439088046
LW,2017-08-27,Q1,88300000,-575700000,2527800000,817500000,-0.6135139829772451,49.35382616761565
KVMD,2017-06-30,FY,-87181,-8688,20280,0,10.034645488029465,-94.44320953523282
EXPO,2017-09-29,Q3,45010000,300076000,435640000,246946000,0.5999813380610245,45.06088597400369
ACGL,2017-09-30,Q3,427917000,8911144000,32624797000,4206267000,0.1920817349601802,-10.552115027884527
FMBM,2017-09-30,Q3,7223000,91156000,763685000,24954000,0.3169511606476809,17.647057356902263
BDX,2017-09-30,FY,1100000000,12948000000,37734000000,12093000000,0.08495520543713314,32.966524157502484
VPG,2017-09-30,Q3,9944000,189312000,295719000,184911000,0.21010818120351588,53.27869717455218
DST,2017-09-30,Q3,370300000,1224100000,3002200000,1534000000,1.2100318601421451,52.431942268051515
BKE,2017-10-28,Q3,47672000,445913000,588123000,632208000,0.427634987093895,23.40424495781687
SCIE,2017-09-30,Q3,-3802693,-13028550,1217775,0,1.1674953851349537,-50.0
SWKH,2017-09-30,Q3,16607000,216805000,218494000,26425000,0.306395147713383,-15.200000339084202
XELA,2017-09-30,Q3,-145633000,41716000,1778237000,766035000,-13.964234346533704,48.541666666666664
CMCSA,2017-09-30,Q3,7865000000,55427000000,185301000000,62611000000,0.567593411153409,-6.74216826702438
WU,2017-09-30,Q3,563800000,709400000,9873600000,4086000000,3.1790245277699465,-1.7525781405847713
MWBC,2017-09-30,Q1,48000,17324000,154330000,1333000,0.011082890787347033,19.03807557014433
MTNB,2017-09-30,Q3,-11858471,12784822,16523769,104781,-3.7101716394643587,-31.85185181914697
KLXI,2017-10-31,Q3,64900000,2257500000,3780800000,1072200000,0.11499446290143965,34.65990210512074
PW,2017-09-30,Q3,492128,7713715,21507055,1474390,0.25519636128635814,-5.928231616997244
ICAD,2017-09-30,Q3,-10021000,17997000,35947000,9225000,-2.227260098905373,-37.28447910420382
FHN,2017-09-30,Q3,225361000,2588120000,29622636000,702297000,0.34830069703104954,-10.104169046713151
HD,2017-10-29,Q3,6851000000,2543000000,45023000000,77021000000,10.776248525363744,4.18607360180532
CPF,2017-09-30,Q3,36916000,509846000,5569230000,135286000,0.2896247102066114,-18.85170232477515
NRBT,2017-09-30,Q3,733744,1064623,3105807,3450778,2.756821898456073,-61.11111249084821
LGIH,2017-09-30,Q3,77666000,446654000,1022932000,852985000,0.6955361420697005,-3.14414236406714
SVTE,2017-08-31,FY,-496980,221663,587206,3673673,-2.242052124170475,-50.0
CNNA,2017-09-30,Q3,-22728,-35754,4000,0,2.5427085081389493,-25.000002910382907
CSX,2017-09-30,Q3,1331000000,10902000000,35573000000,8545000000,0.48835076132819666,40.29935907227829
CDZI,2017-09-30,Q3,-26789000,-76291000,68889000,327000,1.4045693463187008,-13.229577528969806
MARA,2017-09-30,Q3,-12360211,-9041829,12691679,609650,5.468013606539119,-59.44444231045093
MLP,2017-09-30,Q3,11829000,30626000,45362000,866000,1.5449617971658067,-9.21985925931838
ABMC,2017-09-30,Q3,-252000,856000,3143000,3975000,-1.1775700934579438,-27.94235004319428
EIX,2017-09-30,Q3,1202000000,14610000000,53592000000,9100000000,0.3290896646132786,-12.10389570756392
VRTC,2017-09-30,Q1,289335,-4278644,62910,110843,-0.27049224006484296,-62.5
ALYI,2016-06-30,Q2,-480839,-2990950,139045,36966,0.6430585599893011,79.99999140317641
FSSN,2017-09-30,Q3,-3693489,-1616384,620367,409980,9.140127593443141,9.357141557092575
BLPG,2017-09-30,Q3,-982807,-2121144,367342,2830789,1.8533527190987504,-67.27272549936592
UMBF,2017-09-30,Q3,135144000,2101543000,20279503000,453796000,0.2572281414179962,-5.7055469826197145
SBSI,2017-09-30,Q3,43981000,556023000,5484430000,137370000,0.31639698357801743,-5.767671406752499
SOTK,2017-08-31,Q2,70514,8074665,11564852,5186630,0.03493098475292783,118.2608732609308
ATKR,2017-09-30,FY,84639000,360871000,1215092000,1503934000,0.23454087471700413,35.08147408919244
UAL,2017-09-30,Q3,1551000000,8970000000,42565000000,28298000000,0.691638795986622,47.377125779967656
SNNC,2017-02-28,Q2,-103297,-396126,262340,41031,1.0430721538096464,-72.72727318908558
CARG,2017-09-30,Q3,10932000,-56300000,121656000,226264000,-0.7766962699822381,101.92167795780638
MERC,2017-09-30,Q3,21143000,498001000,1385882000,305498000,0.16982295216274665,42.37287258903257
RNR,2017-09-30,Q3,-356870000,4403012000,15044924000,1612386000,-0.3242053394358226,-2.6384804648014093
SDON,2017-09-30,Q3,-15760,-21495,291,0,2.9327750639683647,163.15790712007896
CVU,2017-09-30,Q3,3710461,72105357,120667767,57471112,0.20583552481405784,-9.239124406713495
ABUS,2017-09-30,Q3,-11600000,167391000,239845000,6892000,-0.27719530918627644,30.344824955381196
MNTR,2017-09-30,Q3,-872498,5943409,7348487,9800,-0.5872037411525944,0.0
HCKT,2017-09-29,Q3,17913000,98079000,182174000,198742000,0.7305539412106568,32.65306237764763
CMI,2017-10-01,Q3,1303000000,7629000000,17992000000,14952000000,0.6831825927382357,-13.736487483206366
BBVA,2017-09-30,Q3,408714000,13086350000,85683660000,2050040000,0.12492834136332896,-27.41935519313003
TACT,2017-09-30,Q3,3623000,26118000,32636000,43117000,0.554866375679608,44.72361703084087
MODN,2017-09-30,FY,-39547000,41261000,171936000,131169000,-0.9584595622985386,6.734006561022246
LIVN,2017-09-30,Q3,86599000,1914426000,2603130000,916156000,0.1809398744062189,72.66016149238601
PRTS,2017-09-30,Q3,28094000,45829000,108900000,234848000,2.4520718322459576,-46.18055934983256
AMSC,2017-09-30,Q2,-22533000,60652000,100548000,19971000,-1.486051572907736,50.432900030777674
BH,2017-09-30,Q3,-19395000,511318000,1027689000,606633000,-0.15172554066158436,-19.853565795082343
ADUS,2017-09-30,Q3,10366000,172270000,267901000,313758000,0.24069193707552097,90.62500809845734
ASYS,2017-09-30,FY,8086000,90483000,191623000,164516000,0.08936485306632184,-57.75316449727143
CMC,2017-08-31,FY,46332000,1400757000,2975131000,4569675000,0.033076400831835925,13.922716533047922
SNES,2017-03-31,Q1,-3455000,8433000,9595000,7000,-1.6387999525672952,-93.55246523388116
SRRE,2015-03-31,Q1,-2018659,-11886866,103617743,1395418,0.6792905716275426,0.0
SKX,2017-09-30,Q3,286865000,1882804000,2693260000,3193571000,0.6094420874397972,13.628968233799041
GNE,2017-06-30,Q2,-8810000,86410000,121185000,121653000,-0.40782316861474366,-34.90813500474147
LFAP,2017-09-30,Q3,-169447,-826030,2327,3093,0.8205367843782914,-16.66666494199516
RS,2017-09-30,Q3,317200000,4414900000,7846900000,7344600000,0.2873904278692609,9.332135085169801
MVIS,2017-09-30,Q3,-16382000,12477000,37304000,2298000,-5.251903502444498,-56.93949954496838
CPRT,2017-10-31,Q1,77560000,1188909000,2062670000,374125000,0.26094511859191916,33.64562903399758
ALOT,2017-10-28,Q3,2657000,62240000,110320000,80701000,0.17075835475578408,52.61903936540394
STRP,2017-10-31,Q1,-15327000,-20280000,10097000,165000,3.023076923076923,1.0247372963704828
ICCH,2017-09-30,Q3,265138,63741427,153159365,35173009,0.016638347302767476,-16.611109839545357
THST,2017-06-30,FY,-204000,10435000,30038000,22153000,-0.0195495927168184,-21.153843949532288
CVLT,2017-09-30,Q2,-1294000,515283000,877945000,334112000,-0.010044965582019977,14.19249734293575
CIZN,2017-09-30,Q3,4828247,91942431,1026124497,22855734,0.21005522466553012,-6.560634765634628
HII,2017-09-30,Q3,415000000,1712000000,6172000000,4088000000,0.969626168224299,11.373024281072306
AQB,2017-09-30,Q3,-6595398,20577943,25295552,53278,-1.2820325141341873,-56.326532688270625
WCN,2017-09-30,Q3,262291000,5988499000,11910275000,3473313000,0.1751964891369273,13.181034114151888
PACV,2017-09-30,Q3,-353758,-1445853,60479,0,0.9786831718023893,-81.6089557099623
TSE,2017-09-30,Q3,210668000,570042000,2656552000,3346271000,1.4782630051820742,13.64296272525953
AVGR,2017-09-30,Q3,-38582000,-26711000,20971000,8021000,5.777694582756168,-90.625
ATEN,2017-09-30,Q3,-14825000,89773000,217963000,111195000,-0.6605549552760852,-20.522877805088047
BLFS,2017-09-30,Q3,-1957220,7214543,8881486,7887377,-1.0851525869344738,210.28369528853594
NHTC,2017-09-30,Q3,28066000,97858000,147399000,151471000,1.1472133090805043,-2.1026071722562754
KTWO,2017-09-30,Q3,-28397000,248695000,378595000,190230000,-0.4567361627696576,23.011239726891677
MED,2017-09-30,Q3,20415000,108210000,134463000,223556000,0.7546437482672581,272.29038699467037
DVAX,2017-09-30,Q3,-67733000,204434000,217827000,306000,-1.3252785740141073,-46.66666830739668
EXAS,2017-09-30,Q3,-92633000,527144000,587179000,178583000,-0.7029047091496821,64.62244561887894
NIMU,2017-07-31,FY,-488000,-3233000,21000,6000,0.1509433962264151,-23.24841127051662
ISBA,2017-09-30,Q3,10516000,196463000,1791967000,43335000,0.214106472974555,-7.758620689655173
INDB,2017-09-30,Q3,65140000,931224000,8052919000,204318000,0.2798037851258129,9.91350205851517
PIRS,2017-09-30,Q3,-25137425,4558213,98861143,7123362,-22.059017426346685,-9.822868434255675
WKHS,2017-09-30,Q3,-29787894,13028393,25392105,5333037,-9.145531302287242,-61.23188202357597
NFLX,2017-09-30,Q3,129590000,3327361000,16951540000,2984859000,0.155787123789694,111.36094937755846
STLD,2017-09-30,Q3,151012000,3104725000,6960737000,2399116000,0.1945576500334168,29.819008457099123
CLFD,2017-09-30,FY,3847839,64525120,69494037,73947619,0.05963319401808164,-1.8248175436537464
TORM,2017-09-30,Q3,-109000,29551000,36944000,30914000,-0.0147541538357416,-55.84415351184383
PROM,2017-09-30,Q3,8761000,-38683000,53375000,62354000,-0.9059276684848642,-48.00000190734863
DGL,2017-09-30,Q3,11269583,195908502,196602611,952670,0.23009890606993666,-7.5364540641464846
ARII,2017-09-30,Q3,30325000,558873000,1467758000,184255000,0.21704394379402833,17.183523882341703
AET,2017-09-30,Q3,1651000000,15583000000,57383000000,45682000000,0.4237951613938266,26.433559596583645
DSNY,2017-08-31,FY,288781,1892805,2244703,3445014,0.15256774997952774,-4.7619004368509765
SIGI,2017-09-30,Q3,138584000,1699352000,7812130000,1836247000,0.32620434141955285,15.559598031574588
PRAA,2017-09-30,Q3,80358000,1010866000,3460777000,607900000,0.31797686340227094,24.352328329074357
NCLH,2017-09-30,Q3,661075000,5537604000,14265117000,4146622000,0.4775169911030113,5.531058870832748
THST,2017-09-30,Q1,-293000,10393000,32675000,6417000,-0.11276820937169249,-18.942729126033104
SGRP,2017-09-30,Q3,1535000,20500000,58558000,131361000,0.2995121951219512,-10.091744122626764
SASR,2017-09-30,Q3,44942000,564480000,5334788000,144123000,0.31846655328798185,-6.158983179634452
WSBF,2017-09-30,Q3,22849000,411930000,1854128000,49779000,0.221872648265482,-12.944167744431558
AIZ,2017-09-30,Q3,206700000.0,4138200000.0,32405200000.0,4738400000.0,0.1997970131941424,12.847577687267892
FTWS,2017-09-30,Q3,-2399000,-2035000,128000,784000,4.715479115479115,-98.42857144377669
NOC,2017-09-30,Q3,1837000000,6493000000,26513000000,11885000000,1.1316802710611427,9.475681889980287
LOPE,2017-09-30,Q3,135063000,915721000,1290930000,702716000,0.5899744572855706,21.99870665010743
RHI,2017-09-30,Q3,243537000,1139818000,1932852000,3920507000,0.8546522339531399,37.568407864211686
SSY,2017-09-30,Q1,-277000,21422000,35402000,13363000,-0.05172252824199421,-14.19354297864185
BHB,2017-06-30,Q2,10767000,347122000,3503411000,55850000,0.1240716520416453,-1.7196586130592364
PNC,2017-09-30,Q3,3297000000,46388000000,375191000000,7989000000,0.2842976631887557,0.7918941406789936
HWKN,2017-10-01,Q2,11041000,225662000,431896000,259126000,0.1957086261754305,0.48485033439867425
EGP,2017-09-30,Q3,65922000,721848000,1893993000,202794000,0.3652957409316089,7.692309675221859
ATNM,2017-09-30,Q3,-21438164,18192014,21721366,0,-4.713752748871015,15.756634210991447
OWCP,2017-09-30,Q3,-3081560,1010237,1218440,0,-12.201334934277797,-59.601872367606845
CIA,2017-09-30,Q3,6077000,264221000,1651274000,184764000,0.09199874347610523,11.553776686336462
FAST,2017-09-30,Q3,426200000,2026300000,2901600000,3302000000,0.8413364259981246,26.79196369301723
FUNC,2017-09-30,Q3,6301000,120838000,1352324000,34926000,0.2085767722074182,14.634144355823805
VHC,2017-09-30,Q3,-11244000,2681000,7102000,1146000,-16.775829914211116,-16.216216216216218
ITT,2017-09-30,Q3,180400000,1651600000,3800100000,1901700000,0.43690966335674497,37.415872152026544
CBSH,2017-09-30,Q3,224917000,2700544000,24979141000,575835000,0.3331432481751825,13.144821433598814
BPMC,2017-09-30,Q3,-99092000,341240000,420118000,19798000,-1.1615519868714101,13.097654817744015
GSAT,2017-09-30,Q3,-66489000,197042000,1107808000,71851000,-1.3497426944509292,-69.64285676272547
SLM,2017-09-30,Q3,241931000,2421840000,21016170000,1037807000,0.39958213589667363,-2.364277197547036
MCY,2017-09-30,Q3,125100000,1776191000,5025599000,94100000,0.28172645847209,-12.138728825807586
ASFT,2017-09-30,Q3,-239307,-57258,75217,755,16.717803625694227,-38.46153846153847
AMZN,2017-09-30,Q3,256000000,24658000000,115267000000,28768000000,0.04152810446913781,108.82203289057408
ACFN,2017-09-30,Q3,-599000,1157000,9079000,3226000,-2.070872947277442,12.000000476837158
KANP,2017-09-30,Q3,2381000,77850000,111592000,12775000,0.1223378291586384,-16.0
MBCN,2017-09-30,Q3,7069000,118494000,1080826000,32431000,0.23862811619153712,1.2903192991851478
FRTG,2017-09-30,Q1,-3600,-18688,1766,0,0.7705479452054794,0.0
BKH,2017-09-30,Q3,137055000,1682804000,6551177000,1244119000,0.32577769009343926,-15.34538352159807
OFLX,2017-09-30,Q3,11313000,53110000,71920000,74335000,0.8520429297684052,-2.3466433649240717
FNAM,2017-09-30,Q3,-1055927,862674,5402260,32690,-4.896065025722347,-66.99999868869781
SCI,2017-09-30,Q3,299452000,1238678000,12625198000,2282298000,0.9670051458086767,28.22744182669876
RSCF,2017-09-30,Q3,69766,641253,679163,880072,0.4351854884109704,-16.666663562258016
SWN,2017-09-30,Q3,712000000,1652000000,7202000000,2394000000,1.7239709443099274,-18.370607880518325
ANCX,2017-09-30,Q3,13455000,420173000,2873069000,68385000,0.12809009622227036,-6.710250830789491
ABM,2017-10-31,FY,3800000,1375700000,3812600000,5453600000,0.002762230137384604,-25.994761585517928
IT,2017-09-30,Q3,-104028000,863410000,7011492000,242404000,-0.4819402138034074,27.237697991730464
CATY,2017-09-30,Q3,150102000,1968699000,15728417000,420511000,0.30497704321483377,1.0978212486353314
FARM,2017-09-30,Q1,-978000,216517000,402359000,131713000,-0.01806786534082774,-19.142424549030366
HBIO,2017-09-30,Q3,-1864000,76905000,110678000,74419000,-0.09695078343410701,41.89189006326147
PNR,2017-09-30,Q3,476900000,5008600000,8628800000,3675600000,0.3808649123507567,-6.897234553558737
DFS,2017-09-30,Q3,1712000000,11187000000,97608000000,7092000000,0.6121390900151962,17.326569446922786
SMG,2017-09-30,FY,218800000,648800000,2747000000,2642100000,0.3372379778051788,-19.941014552795195
SMID,2017-09-30,Q3,2317107,16972547,28222326,31706099,0.5460835076786059,-2.930400285892711
MYO,2017-09-30,Q3,-10197203,2575385,5958794,1011454,-15.837947336029371,-66.37781703593052
STDY,2017-09-30,Q3,-17286000,29464000,43920000,957000,-2.3467282106978007,41.04477728786119
ABAX,2017-09-30,Q2,12931000,277089000,319948000,117112000,0.18666926510976617,81.02508781291958
HADV,2017-09-30,Q1,-74288,2681982,2965100,0,-0.11079567275246441,-38.983053843956554
AXL,2017-09-30,Q3,231000000,1432800000,8058300000,4532100000,0.644891122278057,-1.1897965383080444
HL,2017-09-30,Q3,4230000,1512941000,2396183000,417662000,0.01118351607894822,-45.401176341375084
ACN,2017-08-31,FY,3445149000,8949477000,22689890000,34850182000,0.38495534431788586,28.96146525457125
SMIT,2017-08-31,Q1,-134098,6849932,8714784,3083648,-0.0783061788058626,81.0126466717484
SAVE,2017-09-30,Q3,170268000,1570536000,3870942000,1980659000,0.4336557710233958,39.501050712930365
GDOT,2017-09-30,Q3,73659000,740016000,1895300000,677162000,0.39814814814814814,76.12532055786714
DXPE,2017-09-30,Q3,9874000,261298000,635075000,741155000,0.15115308957588652,23.978960622456622
ESCA,2017-10-07,Q3,6602000,106122000,158247000,125097000,0.24884566819321158,-7.749078789333347
FORD,2017-09-30,FY,579346,8930422,13153946,24764613,0.06487330609908468,27.499992549419698
INTV,2017-09-30,Q1,-226596,-56643,490551,0,16.001694825485938,-95.21150592216581
PAHC,2017-09-30,Q1,15892000,169475000,671111000,193412000,0.3750877710576781,14.552738723393505
HMST,2017-09-30,Q3,34031000,671469000,6796346000,173997000,0.20272566566736513,-4.332132598873302
COFS,2017-09-30,Q3,4801000,76306000,642052000,16210000,0.2516709039918224,26.69999660873417
IEX,2017-09-30,Q3,243511000,1810312000,3317761000,1701408000,0.5380531090773303,22.67731182897234
MHH,2017-09-30,Q3,761000,26107000,98974000,107414000,0.11659708124257862,49.648158301287566
EQR,2017-09-30,Q3,498297000,10259269000,20697833000,1840702000,0.19428167835349672,1.0061031668617242
CWBC,2017-09-30,Q3,4466000,69766000,829150000,27464000,0.2560559584898088,16.391847833175266
DBB,2017-09-30,Q3,50675131,289294478,289476786,1250987,0.7006719430019677,-8.9315022507759
GLYC,2017-09-30,Q3,-24023210,108564462,115822348,0,-0.8851224261582027,6.8249266137683975
W,2017-09-30,Q3,-171843000,3029000,1138140000,3281879000,-226.93034004621987,115.70260026842185
MMS,2017-09-30,FY,212182000,940085000,1350662000,2450961000,0.22570512240914387,-0.5502913794370201
INTG,2017-09-30,Q1,-295000,-47895000,131017000,18114000,0.024637227267982044,45.53015014680637
INFN,2017-09-30,Q3,-120521000,731938000,1191099000,449992000,-0.6586404859427984,-18.888886769612633
ENCR,2017-09-30,Q3,-8896000,-8043000,6494000,0,4.424219818475693,-83.33333374725446
CHDN,2017-09-30,Q3,102300000,626300000,2327400000,1046200000,0.6533610091010698,34.12219914058486
LAYN,2017-10-31,Q3,-29886000,53989000,389470000,365090000,-2.2142288243901533,16.65404847019017
MTB,2017-09-30,Q3,1085903000,16318052000,120401804000,3093656000,0.26618446858730443,1.9517900169757456
NYMT,2017-09-30,Q3,57767000,842053000,10264922000,263748000,0.274410280588039,-2.093399575561182
JOUT,2017-09-29,FY,35157000,243004000,353659000,490565000,0.14467663083735247,26.896833259829613
FLXT,2017-09-30,Q3,-712929,2209727,5080290,256323,-1.290528649014109,-29.00000117080552
GMGI,2017-10-31,Q1,-458043,-1836882,99725,30000,0.9974358723097074,0.0
BIG,2017-10-28,Q3,85004000,565664000,1846109000,3628912000,0.6010918142218702,-20.636469041222565
SKY,2017-09-03,Q1,1607000,26974000,57143000,58462000,0.23830355156817676,158.81826007116783
NSPR,2017-09-30,Q3,-6939000,3780000,7113000,1927000,-7.3428571428571425,-42.10526315789473
GEF,2017-10-31,FY,135100000,1010900000,3232300000,3638200000,0.13364328815906618,-15.325046837036787
MAS,2017-09-30,Q3,481000000,-159000000,5483000000,5770000000,-12.10062893081761,-7.552416435824005
PPSI,2017-09-30,Q3,678000,27368000,81749000,87953000,0.09909383221280327,-34.22818495547365
MCD,2017-09-30,Q3,1883700000.0,-3477600000.0,32559600000.0,3064300000.0,-2.1666666666666665,6.5812857609625635
CPS,2017-09-30,Q3,109612000,815844000,2635596000,2680212000,0.5374164668735689,2.049845767087699
SPRS,2017-08-31,Q3,-38602,4316672,11578205,21793936,-0.03577014885541454,64.06249621650196
WTW,2017-09-30,Q3,100409000,-1085352000,1315492000,817696000,-0.37005137503777574,-9.357516584818363
ALCO,2017-09-30,FY,-9496000,160641000,419182000,129829000,-0.0591131778313133,-2.312136625262867
LIXT,2017-09-30,Q3,-1375795,1394666,1650879,0,-3.9458766471685696,524.9999751647323
HNI,2017-09-30,Q3,55968000,495463000,1425416000,1591607000,0.45184403275320256,4.933590698725687
ARAO,2016-03-31,FY,-1198426,-1455879,1234733,0,0.8231631886990608,-46.66666997803569
CAT,2017-09-30,Q3,2058000000,15697000000,78560000000,30482000000,0.5244314200165636,22.265878768971024
R,2017-09-30,Q3,147588000,2175064000,11258974000,5389906000,0.2714182203374246,-13.923901260229671
ORI,2017-09-30,Q3,260900000,4730000000,19747400000,4536900000,0.22063424947145877,13.144582324895904
ASPN,2017-09-30,Q3,-17638000,101523000,118038000,73700000,-0.6949361228490096,8.809532838073588
LYV,2017-09-30,Q3,181555000,1378974000,7810524000,7791292000,0.5266379206569523,27.236625726171397
CWI,2017-09-30,Q3,-6680000,755408000,2479349000,485887000,-0.03537161375045009,-1.1901582930354864
ATSG,2017-09-30,Q3,-76622000,292274000,1486903000,745229000,-1.0486324476347537,-11.317636822528804
PNW,2017-09-30,Q3,481447000,5142068000,16977867000,2805637000,0.3745162452149602,-7.163794752919525
SONC,2017-08-31,FY,63663000,-201758000,561744000,296101000,-0.3155413911716016,48.99616102291898
SLGD,2017-09-30,Q3,3431200,19891300,24682500,30657000,0.6899900961726986,10.44176664527921
HEAR,2017-09-30,Q3,-17479000,-36719000,83069000,69439000,1.9040823551839647,507.92685085325866
RNST,2017-09-30,Q3,75677000,1511826000,10323687000,270163000,0.20022674567046736,-4.738787139619777
RPD,2017-09-30,Q3,-32466000,31766000,251440000,26679000,-4.0881445570736,107.53230055610092
IRWD,2017-09-30,Q3,-129022000,-17579000,625086000,1436000,29.35821150236077,12.836184134330553
REFR,2017-09-30,Q3,-1745505,3159421,3581172,1229631,-2.2099049161222895,31.932771173071444
SGMA,2017-10-31,Q2,1118997,63117741,159459290,144183367,0.07091489538575216,-57.12799133456355
ELST,2017-09-30,Q3,-133992,2383253,2472214,1038932,-0.22488925850507688,-6.779654852722472
NVDA,2017-10-29,Q3,1928000000,6352000000,9830000000,6803000000,1.2141057934508817,-2.722725250915909
III,2017-09-30,Q3,552000,63769000,224797000,202942000,0.03462497451739874,18.024690980101646
AMPY,2017-09-30,Q3,-8442000,383232000,951351000,117984000,-0.08811372745490982,-43.89168902266219
WWD,2017-09-30,FY,200507000,1371383000,2757109000,2098685000,0.14620787919931924,2.393313106791427
VVC,2017-09-30,Q3,154800000,1823400000,6061800000,1946300000,0.3395853899308983,-40.00000223517415
AAP,2017-10-07,Q3,291005000,3230787000,8468224000,7336798000,0.36028992316732733,81.99077791102796
MSA,2017-09-30,Q3,59530000,616739000,1595217000,850669000,0.38609525261091,31.26157016691148
TEL,2017-09-29,FY,1683000000,9751000000,19403000000,13113000000,0.172597682288996,5.863234878072976
WTTR,2017-09-30,Q3,-20177000,198641000,552749000,388254000,-0.406300814031343,-24.777634531396302
CNA,2017-09-30,Q3,676000000,12169000000,56582000000,7094000000,0.22220396088421399,-9.907236677468577
VRTC,2017-06-30,FY,-1369807,-4567979,72859,325536,0.29987156245683266,-66.66666666666666
ICHR,2017-09-29,Q3,36990000,193794000,369778000,472956000,0.7634911297563393,-23.805967695491496
ASPZ,2016-12-31,FY,-31540,-309401,362,0,0.10193890776047912,311.34749824303685
ERII,2017-09-30,Q3,725000,68268000,149039000,37017000,0.04247963906954942,11.457037445672926
CBI,2017-09-30,Q3,-359059000,1113905000,7077013000,4668690000,-1.2893702784348755,-75.0
MTN,2017-10-31,Q1,-31927000,1401405000,4008616000,220850000,-0.09112854599491226,5.715656315470894
APDN,2017-09-30,FY,-12855767,6858080,8153948,3733995,-1.8745431666005645,-46.78571564810617
WCFB,2017-09-30,Q3,157837,28971497,119397545,2889151,0.021792039258447707,-2.5000074505803007
APAM,2017-09-30,Q3,149897000,156146000,1160921000,584903000,3.8399190501197595,-3.283577534689832
AUBN,2017-09-30,Q3,6021000,86538000,828546000,20958000,0.27830548429591623,9.485713413783483
IPG,2017-09-30,Q3,261500000,2013400000,11716100000,5541400000,0.5195192212178404,7.775690759992165
EGHT,2017-09-30,Q2,-2715000,306940000,357843000,8367000,-0.035381507786538084,51.78571428571429
LVS,2017-09-30,Q3,1901000000,5896000000,19808000000,9446000000,1.2896879240162822,-8.68092855730348
SPLY,2017-06-30,Q2,174442,-216963,100031,0,-3.216069099339519,-20.804596929415357
UFCS,2017-09-30,Q3,5030000,944048000,4190833000,779382000,0.021312475636832025,9.465285227572842
CMG,2017-09-30,Q3,132460000,1387126000,2064377000,3366312000,0.3819696264074064,50.59805595917373
PGC,2017-09-30,Q3,26128000,379936000,4176332000,102288000,0.2750779078581656,-8.501182092933307
JHG,2017-09-30,Q3,186300000,4409200000,7087200000,1151700000,0.16901025129275152,-23.40909517008402
BOJA,2017-09-24,Q3,23190000,237478000,567613000,378048000,0.3906046033737862,-4.000001387162642
BMXC,2017-05-31,FY,-1591703,-244864,473707,144507,6.500355299268165,-78.37837876090697
CRSP,2017-09-30,Q3,-68498000,178958000,282319000,8672000,-1.5310408028699471,141.16367561754953
DECK,2017-09-30,Q2,7438000,968826000,1520288000,692177000,0.03070933273879933,71.85507511747056
LGL,2017-09-30,Q3,148000,14089000,16499000,16745000,0.04201859606785435,23.47825921100119
AAL,2017-09-30,Q3,1661000000,3948000000,52401000000,31606000000,1.6828774062816616,-13.40875292805791
CLH,2017-09-30,Q3,16545000,1128347000,3748353000,1783506000,0.05865216994417497,24.31399714275341
AAME,2017-09-30,Q3,1986000,109520000,334305000,132289000,0.07253469685902118,-24.242423147756735
REI,2017-09-30,Q3,6263804,360268640,390113745,43391032,0.06954592550714378,-31.22831400173925
PPL,2017-09-30,Q3,1050000000,10692000000,40758000000,5521000000,0.39281705948372614,-22.428421839970422
ALTX,2017-09-30,FY,-129000,1391000,2475000,61000,-0.0927390366642703,2.7397316198766797
RM,2017-09-30,Q3,19078000,227815000,779850000,200352000,0.3349735531022979,18.641978719639994
FFIN,2017-09-30,Q3,84227000,906556000,7009164000,182519000,0.37163506722144024,28.618057655806723
IBKR,2017-09-30,Q3,629000000,1096000000,59843000000,1334000000,2.295620437956204,19.176904880716528
ADES,2017-09-30,Q3,20888000,74608000,89131000,3844000,1.1198799056401458,8.43155328821811
IWSY,2017-09-30,Q3,-7668000,3210000,13976000,1105000,-9.555140186915889,-37.5
GPT,2017-09-30,Q3,67702000,3170467000,6541338000,396214000,0.08541580782894129,-9.855453177944158
URBN,2017-10-31,Q3,106945000,1284808000,1953447000,2526895000,0.3329524722760132,64.35562187887527
WEYS,2017-09-30,Q3,8338000,196409000,254237000,203479000,0.16980891914321644,21.814409028680696
PMTS,2017-09-30,Q3,-7403000,-105585000,251508000,95005000,0.28045650423829144,-39.999999156040445
APOG,2017-09-02,Q2,33512000,501374000,1039376000,616214000,0.26736129117185975,13.540952602538802
ESNT,2017-09-30,Q3,217109000,1780570000,2485591000,415401000,0.48772921030905836,9.692612376356859
CLW,2017-09-30,Q3,16415000,486362000,1729011000,1293692000,0.13500232337230295,-41.12983089435935
RPMT,2017-09-30,Q3,-3176645,-14458276,607182,0,0.8788447529982136,-14.37500151339922
CLIR,2017-09-30,Q3,-7087000,4856000,6612000,360000,-5.837726523887974,-53.623188355719684
SBUX,2017-10-01,FY,2884900000,5450100000,14365600000,22386800000,0.5293297370690446,5.630921207894332
ETCK,2017-09-30,Q3,-694220,-7292677,335541,242247,0.38077649675146724,-33.33333498901784
CNBX,2017-08-31,FY,-1933841,2938633,3637756,5684,-0.6580750301245512,-7.84313591049374
ENS,2017-10-01,Q2,91473000,1135047000,2457806000,1239914000,0.3223584574030855,26.257056305283673
GURE,2017-09-30,Q3,25252438,392838078,402569182,104160873,0.2571282104684363,-44.3850310469426
ASIX,2017-09-30,Q3,74331000,302611000,949642000,1104805000,0.982528724996778,-16.931730731088106
NSIT,2017-09-30,Q3,76515000,826750000,2579292000,4919548000,0.3701965527668582,16.372634865102274
ESQ,2017-09-30,Q3,2983000,83253000,480775000,14542000,0.1433221625647124,55.22387563991962
LANC,2017-09-30,Q1,29386000,590546000,749163000,298916000,0.19904291960321466,23.02936033615636
INSM,2017-09-30,Q3,-127265000,421305000,506206000,0,-1.2082932792157701,-36.274820028158786
SNES,2017-06-30,Q2,-7038000,5661000,8007000,17000,-4.972972972972973,-71.40350877192982
LEDS,2017-08-31,FY,-4104000,7817000,17670000,9214000,-0.5250095944735832,133.1395443127952
FDBC,2017-09-30,Q3,6389000,86284000,878266000,23148000,0.2961846924111075,96.74843312893621
MTG,2017-09-30,Q3,328447000,3130149000,5675868000,794552000,0.4197205947704087,6.480003356933593
MSCI,2017-09-30,Q3,239370000,360314000,3154472000,939393000,2.6573488679318595,51.65840192429264
MWA,2017-09-30,FY,123300000,488400000,1258300000,826000000,0.2524570024570025,-10.567207993554437
SPSC,2017-09-30,Q3,6661000,285173000,339021000,162366000,0.09343100503904647,72.26175457796775
PANW,2017-10-31,Q1,-64000000,665500000,3486500000,186500000,-0.38467317806160783,20.692939772666843
CVG,2017-09-30,Q3,112500000,1379900000,2387400000,2102800000,0.3261105877237481,38.116714141934935
UEEC,2017-09-30,Q3,-203285,-765007,305795,336543,1.062918378524641,266.4864673294059
BFAM,2017-09-30,Q3,105519000,774513000,2463150000,1301026000,0.5449566372675475,35.29276510022318
CVV,2017-09-30,Q3,3676787,38689721,45803383,31312055,0.38013062952818916,-44.34389150034544
NTCT,2017-09-30,Q2,-26690000,2232357000,3317925000,264103000,-0.04782389196710025,-23.831074395914236
HALO,2017-09-30,Q3,-60911000,72389000,357149000,37803000,-3.365759991158878,2.4239025407195824
DLHC,2017-09-30,FY,3288000,35855000,69724000,115662000,0.09170269139590015,-11.791729803774578
WDFC,2017-08-31,FY,52930000,139387000,369717000,380506000,0.37973412154648567,59.109693399869776
MCCX,2017-09-30,Q3,-341881,2059581,2339190,1304541,-0.6639816545209923,-38.7096786598261
REED,2017-09-30,Q3,-7457000,-3643000,19011000,28046000,8.1877573428493,47.72727272727273
VBFC,2017-09-30,Q3,926000,43634000,464706000,12703000,0.0848879314296191,-1.6200271714306935
STRA,2017-09-30,Q3,27107000,215489000,328575000,336144000,0.503171855639963,54.03552179578934
ZIVO,2017-09-30,Q3,-6158296,-18038289,1429181,0,1.3656053520375464,77.77776673988103
EWD,2017-09-30,Q3,-622000,144675000,186357000,14710000,-0.017197166061862796,-8.324021245093771
INTC,2017-09-30,Q3,10288000000,70936000000,127088000000,45708000000,0.5801285665952408,21.132171635576817
ISDR,2017-09-30,Q3,1126000,11985000,14324000,9229000,0.37580308719232375,15.909094028893298
BBSI,2017-09-30,Q3,14684000,80662000,659230000,675706000,0.7281743571942179,17.07573230616503
BABB,2017-08-31,Q3,320801,2794625,3843709,1664425,0.45916858254685333,-4.225348210765052
EXEO,2017-08-31,Q3,-1038027,-2148551,622947,9487,1.9325154487838547,-2.44583672985657
ENPH,2017-09-30,Q3,-42252000,-7802000,177081000,206492000,21.66213791335555,216.99346374674025
HVT,2017-09-30,Q3,18154000,293972000,470199000,604904000,0.24701672268107167,-17.84386358784195
KIRK,2017-10-28,Q3,-7569000,127844000,280917000,409503000,-0.2368198742217077,-19.52259208201502
KVHI,2017-09-30,Q3,-9349000,105730000,197680000,43355000,-0.35369336990447364,7.818936565978017
SO,2017-09-30,Q3,427000000,24082000000,110315000000,17403000000,0.07092434183207375,-11.273913277040801
CIK,2017-09-24,Q3,88348000,1966436000,6477195000,2260496000,0.17971192553431692,-6.8452317808286045
MFA,2017-09-30,Q3,221799000,3257651000,11103459000,332546000,0.27234224906228444,-16.28701448553125
DIS,2017-09-30,FY,9366000000,41315000000,95789000000,46843000000,0.2266973254266005,17.103947252814418
ACFC,2017-09-30,Q3,3784000,91394000,921935000,25020000,0.1656126222727969,24.031898343094014
MTDR,2017-09-30,Q3,95566000,906203000,1848537000,390703000,0.4218304287229241,21.596758152967954
WMT,2017-10-31,Q3,8160000000,76145000000,209414000000,360611000000,0.42865585396283407,17.306151681210665
SGMO,2017-09-30,Q3,-41477000,186652000,269791000,23490000,-0.8888626963547136,4.6296294115971035
EGRX,2017-09-30,Q3,42858000,171077000,266890000,34895000,1.0020750889950139,13.898477160541603
KNDI,2017-09-30,Q3,-33793376,212995204,443889919,59953751,-0.6346316793123661,-27.067671652949173
SCMP,2017-09-30,Q3,-166175000,39634000,388144000,104206000,-16.770954231215622,49.37759099655482
OC,2017-09-30,Q3,293000000,4074000000,8656000000,4778000000,0.28767795778105054,-30.663085747594433
DGII,2017-09-30,FY,9366000,319144000,345189000,166480000,0.029347253904193717,25.700935037576105
COLM,2017-09-30,Q3,118671000,1629292000,2100814000,1690064000,0.2913437247589751,49.96776931248842
TRIP,2017-09-30,Q3,65000000,1417000000,2348000000,1235000000,0.1834862385321101,24.621767362853582
BK,2017-09-30,Q3,2933000000,40523000000,354397000000,3163000000,0.28951459664881674,-4.9580610843580635
HMNF,2017-09-30,Q3,4017000,80632000,716610000,20913000,0.1992757217977974,12.947660776094395
ENG,2017-09-30,Q3,-13926000,23302000,30245000,41336000,-2.3905244185048495,-18.400001525878906
CPK,2017-09-30,Q3,32023000,463820000,1346750000,437180000,0.2761674787633134,6.001263308184446
SUNW,2017-09-30,Q3,-3797000,18524000,40869000,58159000,-0.8199093068451738,-68.38709868806177
GLPI,2017-09-30,Q3,287339000,2493104000,7334808000,730610000,0.4610140611863765,-4.081632653061225
AVD,2017-09-30,Q3,11962000,296459000,469115000,238553000,0.1613983721189102,-23.728814792167295
MYGN,2017-09-30,Q1,81000000,870900000,1228300000,178800000,0.37202893558387873,25.067975874683768
FTEK,2017-09-30,Q3,-9777000,35251000,50020000,31780000,-1.1094153357351564,25.0
LQMT,2017-09-30,Q3,-8717000,49919000,56803000,142000,-0.6984915563212404,-52.6315764707211
RSG,2017-09-30,Q3,614500000,7672000000,20948600000,7481500000,0.32038581856100107,9.148270985734511
PBHC,2017-09-30,Q3,2711000,61904000,874604000,21487000,0.1751744636857069,-1.3114741591156507
TNET,2017-09-30,Q3,111524000,131859000,1836925000,341293000,3.38312894834634,62.07194156783948
VYGR,2017-09-30,Q3,-58869000,85206000,140915000,3790000,-2.763608196605873,-16.87170524592101
TWOU,2017-09-30,Q3,-29932000,369512000,476350000,200074000,-0.324016540734807,32.49339637252203
LIND,2017-09-30,Q3,7491000,125040000,420527000,203283000,0.23963531669865643,38.712682044368094
AIN,2017-09-30,Q3,15220000,560668000,1349617000,222141000,0.10858475960818167,36.59793635367775
ARS,2017-09-30,Q3,-103300000,183200000,2693800000,2163200000,-2.2554585152838427,-72.22222148636239
WVVI,2017-09-30,Q3,1533214,40304643,55885128,14907917,0.15216251884429294,-1.1250019073486328
AVT,2017-09-30,Q1,58303000,5244103000,9773158000,4660943000,0.044471285174986074,11.618049804291102
FOSL,2017-09-30,Q3,-395367000,641293000,1750372000,1867358000,-2.4660615350549593,146.34921858750639
IFF,2017-09-30,Q3,335820000,1757313000,4520438000,2544094000,0.7643942769444032,-3.70319516737773
EBS,2017-09-30,Q3,48652000,663710000,1024202000,259875000,0.293212396980609,59.356087249169356
APEI,2017-09-30,Q3,12704000,280022000,329901000,221163000,0.18147145581418603,56.26477462488584
LOGX,2017-09-30,Q3,-5165734,-4713146,33119,0,4.384106921364201,18.63478006815398
LOCO,2017-09-27,Q3,8657000,274669000,453672000,287316000,0.12607174453615078,3.749998410542806
APPF,2017-09-30,Q3,7139000,80677000,105747000,105906000,0.35395465870074494,60.65574334341179
JJSF,2017-09-30,FY,79174000,682322000,867228000,1084224000,0.11603612370698878,13.853467727655078
LCII,2017-09-30,Q3,115420000,647056000,955776000,1600633000,0.7135085680373878,-30.74027525042346
MATX,2017-09-30,Q3,65100000,518600000,2167000000,1530800000,0.5021210952564596,36.36050844784205
RNG,2017-09-30,Q3,-20052000,161944000,289440000,360991000,-0.4952823198142568,111.47727966308594
SNA,2017-09-30,Q3,439000000,2940000000,5256200000,2712300000,0.5972789115646259,24.137940284174583
NURO,2017-09-30,Q3,-9979179,4517639,8772656,12162861,-8.835747167934402,-35.748793717212266
VRSK,2017-09-30,Q3,350500000,1672600000,5628200000,1574900000,0.8382159512136793,44.33669527902877
MEDD,2017-09-30,Q3,-1615907,-4287882,4944883,5396157,1.507417414938191,-88.48920796789754
CRL,2017-09-30,Q3,154516000,1021513000,2865918000,960640000,0.6050476107499366,23.51050482806267
FORM,2017-09-30,Q3,35325000,454850000,653554000,416540000,0.3106518632516214,-18.63905141794445
TWO,2017-09-30,Q3,185381000,3941564000,27803774000,626699000,0.18812938214373787,-9.575744329524387
BLGO,2017-09-30,Q3,-7145868,-3089858,1741195,318040,9.25073967800462,-48.07691910915812
LPLA,2017-09-30,Q3,174765000,940565000,5058273000,3165039000,0.7432341199172837,24.657008958899457
JAGX,2017-09-30,Q3,-1761156,31810320,59988055,581654,-0.22145718747878046,-75.87168758716875
KTCC,2017-09-30,Q1,432000,118115000,231734000,109217000,0.01462980993099945,7.746481663696956
HAS,2017-10-01,Q3,401905000,1956252000,5544648000,3613671000,0.8217857413053125,7.649770715798143
ZAIS,2017-09-30,Q3,-3430000,40854000,139630000,20790000,-0.3358300288833407,12.899223775650794
DREM,2017-09-30,Q3,73606,189365,874630,2321300,1.554796292873551,-38.59649150325321
TDW,2017-09-30,Q2,-15527000,1040973000,1812852000,70571000,-0.0596634110586922,13.50073163618171
EMYB,2017-09-30,Q3,6218000,79524000,989272000,25209000,0.31276092751873646,17.156206764747
UUP,2017-09-30,Q3,-58327172,652557225,653259401,3521364,-0.3575298518838712,3.8651338234090034
TBNK,2017-09-30,Q3,12795000,237292000,1962457000,50735000,0.21568363029516377,-7.886541301705911
BDN,2017-09-30,Q3,48015000,1733716000,3855419000,387149000,0.11077938947324706,-10.427345011886423
AXDX,2017-09-30,Q3,-47733000,129924000,136107000,2058000,-1.469566823681537,1.7738359201773837
NPK,2017-10-01,Q3,36199000,349417000,393638000,218029000,0.41439311767887654,19.99073598765175
SPOK,2017-09-30,Q3,6078000,313369000,375017000,127405000,0.07758265814423251,-2.53164916060666
KMT,2017-09-30,Q1,39638000,1061980000,2399700000,542454000,0.1492984801973672,6.55577356935559
UFPT,2017-09-30,Q3,6495000,120913000,137091000,110623000,0.21486523368041485,27.82608695652174
TAUG,2017-09-30,Q2,-1232961,-2155987,35173,0,2.287511010038558,-44.82164325563976
IPGP,2017-09-30,Q3,294632000,1959099000,2246065000,1047834000,0.6015663322782565,-16.432848621386015
OPHC,2017-09-30,Q3,-510000,2629000,108472000,3439000,-0.7759604412324077,144.23077452112253
CODI,2017-09-30,Q3,-15519000,851616000,1820806000,767960000,-0.07289200766542667,1.6806679588196494
AEYE,2017-09-30,Q3,-2838702,62731,4503278,1863111,-181.0079227176356,140.0
LAD,2017-09-30,Q3,155813000,1031376000,4371593000,7383479000,0.60429174229379,-32.88954350977604
HLF,2017-09-30,Q3,277300000,219000000,3422500000,3162800000,5.0648401826484015,61.29509086130721
XCRA,2017-10-31,Q1,17531000,332311000,442157000,114577000,0.21101919587374476,44.87309548341798
PK,2017-09-30,Q3,2570000000,6070000000,9803000000,2105000000,1.6935749588138385,19.085632550109256
OKTA,2017-10-31,Q3,-89681000,156455000,337157000,182240000,-2.292825413058068,85.09681410124209
WTFC,2017-09-30,Q3,188901000,2908925000,27358162000,694628000,0.25975368907758023,7.098732891339564
GBX,2017-08-31,FY,160462000,1018130000,2397705000,2169164000,0.15760462809267972,35.547784283412255
APPN,2017-09-30,Q3,-24138000,49904000,142326000,60059000,-1.9347547290798333,37.85921765342101
SCKT,2017-09-30,Q3,1289831,19777163,22558579,16903173,0.26087280566985266,-37.66937895256323
XPO,2017-09-30,Q3,153100000,3308800000,12358200000,11186900000,0.18508220502901354,69.87056363046763
DHIL,2017-09-30,Q3,39250567,184678924,255179499,107353244,0.850136358819158,-22.678819958411058
FRPH,2017-09-30,Q3,48340000,230008000,416092000,30736000,0.8406664116030746,39.08173875006087
NDAQ,2017-09-30,Q3,488000000,5735000000,15072000000,2941000000,0.34036617262423713,10.296953508947695
NAVB,2017-09-30,Q3,79004006,15346456,22605707,0,20.592117424374724,-46.144860893349914
XYL,2017-09-30,Q3,260000000,2463000000,6783000000,3430000000,0.42224928948436863,26.137086436389563
SSTK,2017-09-30,Q3,14671000,307380000,552549000,405282000,0.19091678053224023,62.10277635653452
REVG,2017-10-31,FY,31371000,572440000,1254432000,2267783000,0.05480225001746908,-59.22480322149715
HFBL,2017-09-30,Q1,1008000,46363000,418046000,4593000,0.08696589953195435,27.71534644093756
BCDA,2017-09-30,Q3,-8822000,13785000,15860000,298000,-2.5598839318099382,-51.87074793154305
AGX,2017-10-31,Q3,65296000,348186000,642301000,723237000,0.750127805253514,-34.03636585582387
NVFY,2017-09-30,Q3,2304709,66995182,73234993,70813414,0.13760446236268153,6.748466257668712
BGC,2017-09-29,Q3,-70500000,120200000,2284500000,2855300000,-2.346089850249584,-18.31375042428953
LODE,2017-09-30,Q3,-8203913,12614663,32210598,73624,-2.6013895099694695,-82.50000029802322
BBW,2017-09-30,Q3,2673000,104930000,184341000,243559000,0.10189650243019156,-3.208558058772039
FITB,2017-09-30,Q3,1685000000,16360000000,142264000000,3344000000,0.4119804400977995,0.17940163457103853
FDX,2017-11-30,Q2,1371000000,17055000000,50281000000,31610000000,0.32154793315743185,-1.7108816205827648
ASG,2017-06-30,Q2,-39231,-117114,2381,6750,1.3399252010861211,34.55284111592299
GSIH,2016-09-30,Q3,4338000,5263000,100618000,372000,3.296978909367281,-79.40000104308125
CAL,2017-10-28,Q3,66931000,673645000,1427148000,2083119000,0.3974259439318929,17.043839004401807
QCOM,2017-09-24,FY,2465000000,30746000000,65486000000,22291000000,0.08017303063813179,42.774115600996254
HRI,2017-09-30,Q3,-54000000,288800000,3588900000,40300000,-0.7479224376731302,2.134449774637613
KHC,2017-07-01,Q2,2051000000,58333000000,119416000000,13041000000,0.1406408036617352,-25.630402761936523
TKR,2017-09-30,Q3,174200000.0,1423000000.0,3363600000.0,2225800000.0,0.48966971187631764,2.6776503758792956
HBNC,2017-09-30,Q3,25467000,392055000,3519501000,91709000,0.25983089107395646,1.4207461873024845
SENEA,2017-09-30,Q2,-1951000,429754000,1209968000,656495000,-0.0181592259757908,-2.3188383682914404
DUUO,2017-09-30,Q2,-854361,-437360,2963532,381138,7.81380098774465,24.999995032946465
AKAM,2017-09-30,Q3,199214000,3272655000,4509134000,1839544000,0.24348915482994693,46.30000305175781
CAVM,2017-09-30,Q3,-67809000,752946000,1563680000,723657000,-0.3602330047573133,24.826289912125016
SFM,2017-10-01,Q3,118741000,616615000,1551216000,3520679000,0.7702764285656366,47.128293516703636
FNF,2017-09-30,Q3,558000000,5270000000,10501000000,6901000000,0.4235294117647059,14.38952765895464
ROKU,2017-09-30,Q3,-70450000,-255973000,225502000,324502000,1.1008973602684657,209.97453495220495
DXCM,2017-09-30,Q3,-40800000,384000000,842900000,497500000,-0.425,188.03865027314723
ARMK,2017-09-29,FY,374187000,2459061000,11006200000,14604400000,0.15216661969751868,5.934498880685803
NEO,2017-09-30,Q3,-5797000,169533000,343895000,190818000,-0.13677573097862952,37.91554558524627
SCHW,2017-09-30,Q3,1757000000,18027000000,230714000000,6376000000,0.3898596549620014,11.603089246417138
MAR,2017-09-30,Q3,1171000000,4512000000,24236000000,17019000000,1.0381205673758864,19.45173277612224
HZO,2017-09-30,FY,23547000,302198000,639990000,1052320000,0.07791911263476264,27.627630551716354
JBL,2017-08-31,FY,127167000,2353514000,11095995000,19063121000,0.0540328207097982,-5.390751239213822
CUDA,2017-08-31,Q2,4226000,21829000,476651000,38612000,0.7743827019103028,-9.090911061310528
MRK,2017-09-30,Q3,3440000000,38248000000,91676000000,29689000000,0.3597573729345325,9.899309250271687
SLG,2017-09-30,Q3,62734000,6817885000,15109870000,1150131000,0.036805548934896966,-4.5134108032312765
PETS,2017-09-30,Q2,18036000,104323000,124882000,146368000,0.6915445299694218,-3.451302581375284
BIIB,2017-09-30,Q3,2836500000,12860500000,23073200000,7642300000,0.8822363049648148,11.746839533644863
INTZ,2017-09-30,Q3,-221000,-3677000,1409000,4780000,0.24041338047321187,488.3720765828186
CARA,2017-09-30,Q3,-43948000,99074000,108047000,911000,-1.7743504854956902,70.09943815848739
IAC,2017-09-30,Q3,334659000,2428921000,5540955000,2356654000,0.551123729425535,80.96192705610558
PLPC,2017-09-30,Q3,11952000,244652000,362625000,281320000,0.19541225904550136,0.0997004639467366
KEX,2017-09-30,Q3,82406000,2872678000,5200415000,1506307000,0.11474449973160931,24.62121212121212
NBY,2017-09-30,Q3,-8196000,1832000,11056000,11868000,-17.895196506550217,-58.05739595079578
ARES,2017-09-30,Q3,41375000,270924000,8019437000,1059218000,0.6108724217861836,23.73333740234375
PMD,2017-09-30,Q3,3771000,17232000,25452000,29942000,0.8753481894150418,3.4653418602377197
STE,2017-09-30,Q2,122659000,3029993000,5120276000,560162000,0.16192644669476133,28.828826119746783
GAWK,2017-01-31,FY,-12303664,-22951460,3088564,5637900,0.5360732606988836,-50.0
ELSE,2017-09-30,Q3,291000,12669000,13456000,6005000,0.09187781198200332,1.092895106966884
PGR,2017-09-30,Q3,1017800000,9289400000,38932600000,410900000,0.4382629663918014,44.89088860741373
NWN,2017-09-30,Q3,34544000,846682000,3105607000,521751000,0.16319704446297428,3.32046567703306
NKTR,2017-09-30,Q3,-62866000,84162000,582055000,24897000,-2.9878567524536015,146.10415001169665
FBP,2017-09-30,Q3,42787000,1853751000,12173648000,440597000,0.09232523677667605,77.38791770887651
AEMD,2017-09-30,Q2,-3154128,108867,1145978,0,-115.88922262944693,22.916666666666664
POOL,2017-09-30,Q3,165674000,210544000,1121924000,2278005000,3.1475416065050537,50.58654154698263
DBA,2017-09-30,Q3,-40961795,712213632,712701147,3661440,-0.23005341745550864,-10.576414680794965
UCTT,2017-09-29,Q3,54236000,276680000,500753000,675465000,0.7840971519444846,-59.013717025590175
TDC,2017-09-30,Q3,7000000,719000000,2307000000,504000000,0.03894297635605007,11.075105263731533
UBSI,2017-09-30,Q3,132606000,3263843000,19129978000,447288000,0.1625151700005178,-3.3244682200195728
GDDY,2017-09-30,Q3,45000000,395200000,5695000000,1629700000,0.45546558704453444,91.96593468208879
MG,2017-09-30,Q3,-3038000,267475000,484422000,513326000,-0.04543228339097112,5.041206775738413
RCL,2017-09-30,Q3,1337094000,10435488000,22099314000,6773378000,0.5125180537795645,9.083276901733182
PARR,2017-09-30,Q3,53616000,427484000,1235182000,1780004000,0.5016889521011313,-2.0172914622969755
GRPN,2017-09-30,Q3,-24221000,186938000,1428096000,919884000,-0.5182680888850849,-25.933203079037675
ANF,2017-10-28,Q3,-65008000,1160760000,2297901000,2299532000,-0.22401874633860575,42.448679003790716
CTSO,2017-09-30,Q3,-5313780,9473793,22218309,9085806,-2.2435702363351195,109.75608810554927
RCMT,2017-09-30,Q3,1759000,34003000,64048000,135680000,0.2069229185660089,-25.609753463549207
ABEO,2017-09-30,Q3,-18869000,89880000,95731000,622000,-0.8397418780596351,-27.887323943661972
TWI,2017-09-30,Q3,-28340000,355931000,1329910000,1092888000,-0.31848869584273354,-28.100772328362645
AXIM,2017-09-30,Q3,-2730589,-4852379,3321999,32116,2.2509280499317965,-71.90909092222691
RSPP,2017-09-30,Q3,91350000,4177184000,6236835000,554685000,0.08747519860269502,37.048709856324734
JELD,2017-09-30,Q3,104481000,884697000,2965277000,2787931000,0.4723922427678629,-29.943183770110743
TDS,2017-09-30,Q3,-176000000,3983000000,9210000000,2976000000,-0.17675119256841576,9.068102943503854
UHAL,2017-09-30,Q2,250846000,2892422000,10082890000,2000611000,0.3469009708818423,-3.994716989579486
DIGP,2017-09-30,FY,-1065140,1407238,1571236,1898172,-0.7569011069911415,-12.209309326870388
SANM,2017-09-30,FY,138833000,1647684000,3847363000,6868619000,0.08425948179383912,-28.497405511625047
EXP,2017-09-30,Q2,118244000,1312673000,2321041000,742436000,0.36031517369520055,-19.318507683229853
ARC,2017-09-30,Q3,-14767000,144479000,355243000,85625000,-0.4088345018999301,-30.900247642063533
CDXI,2017-09-30,Q3,-1197035,-841903,3779760,496088,5.687282264108811,-56.52173913043478
OPXS,2017-10-01,FY,-304000,5946000,14027000,18547000,-0.051126807938109656,69.30693606864754
CASI,2017-09-30,Q3,-5722287,15577725,22716150,0,-1.4693511408116398,162.35956609316906
PODD,2017-09-30,Q3,-19971000,74254000,500348000,333244000,-1.0758208312010127,90.31794581115116
GPS,2017-10-28,Q3,643000000,3024000000,7895000000,11077000000,0.8505291005291006,3.834355839437812
TXT,2017-09-30,Q3,413000000,5818000000,15875000000,10127000000,0.2839463733241664,30.969400074015052
IPAR,2017-09-30,Q3,49481000,428685000,765673000,441725000,0.4617003160829047,53.63527002645554
KAI,2017-09-30,Q3,30675000,329545000,787659000,365893000,0.37233154804351454,8.120299222176536
FULT,2017-09-30,Q3,137752000,2225786000,20062860000,493879000,0.24755659349101847,-12.36842306036698
DAKT,2017-10-28,Q2,15561000,211039000,379197000,342037000,0.2949407455494008,-27.61998198947297
TREX,2017-09-30,Q3,76829000,211575000,311196000,442941000,1.4525156563866242,76.09516890823215
PGTI,2017-09-30,Q3,19546000,154489000,459598000,376981000,0.5060813391244684,44.481609746130616
DOOR,2017-10-01,Q3,83772000,656238000,1650265000,1524425000,0.5106196227588161,-6.695776824541465
DBP,2017-09-30,Q3,11751903,167178815,168001300,917562,0.2811816317755333,-8.693344338965934
BLSP,2017-09-30,Q3,-138000,2182000,45771000,1284000,-0.2529789184234647,-99.37442923961295
UNH,2017-09-30,Q3,7102000000,47310000000,140432000000,19209000000,0.6004650179666032,34.744735238682885
VKTX,2017-09-30,Q3,-16493192,2225961,11839444,0,-29.637881346528534,816.842120783481
INSE,2017-09-30,FY,-49114000,-2329000,219023000,107496000,21.088020609703737,-53.78787884261216
NVTA,2017-09-30,Q3,-82887000,125394000,213238000,42822000,-2.6440499545432794,70.02031791469422
GRBK,2017-09-30,Q3,29585000,424214000,606508000,317994000,0.27896297623369337,0.0
MSPC,2016-03-31,Q1,1912644,-5493582,5117660,6803,-1.3926389011759541,-50.0
SRRE,2016-06-30,Q2,8972879,-4916707,116047282,2942859,-7.299909471929078,-80.00000074505806
RIG,2017-09-30,Q3,-2995000000,12799000000,22441000000,2344000000,-0.9360106258301429,35.04356159046658
HSIC,2017-09-30,Q3,450783000,3011639000,7486661000,9143489000,0.5987211614672276,4.936440059923091
WY,2017-09-30,Q3,311000000,9045000000,18402000000,5373000000,0.13753454947484797,-5.422035556959794
TKCI,2017-09-30,Q3,-112067,-573759,16607,0,0.7812827336913234,42.424238702372904
CINF,2017-09-30,Q3,403000000,7523000000,21592000000,4321000000,0.21427621959324739,-0.8903257308467742
SAIA,2017-09-30,Q3,43397000,531753000,952719000,1025259000,0.32644479673833526,21.73566540925415
JRSS,2017-09-30,Q3,4401056,10108195,37825286,7356170,1.7415793818777734,62.162168849725205
FLWS,2017-10-01,Q1,-13222000,265798000,512333000,157349000,-0.19897817139331372,20.408162868107333
DIOD,2017-09-30,Q3,30144000,853243000,1540589000,785774000,0.14131495951329223,9.147543985335552
PRK,2017-09-30,Q3,61411000,759367000,7862695000,212455000,0.32348521860971047,-3.2624680153793264
MSI,2017-09-30,Q3,422000000,-830000000,8618000000,2540000000,-2.0337349397590363,51.607647881740824
RPM,2017-08-31,Q1,116903000,1559111000,5108916000,1345394000,0.29992219925329244,37.921174661873096
LUV,2017-09-30,Q3,503000000,8800000000,24249000000,5271000000,0.22863636363636364,11.537772621566305
MRMD,2017-09-30,Q3,300161,8085258,21372418,4487473,0.14849792053636385,715.217376515861
ELECU,2017-08-31,Q3,250003,5000001,172597830,0,0.200002359999528,3.063270315656276
ETSY,2017-09-30,Q3,37050000,348215000,574062000,304963000,0.42559912697614977,198.72092319218288
PDLB,2017-09-30,Q3,-1523000,168508000,892263000,28661000,-0.036152586227360124,1.4093946308537868
GLUC,2017-09-30,Q3,39018,-426232,26353,72940,-0.3661667824095798,-50.0
EXEL,2017-09-30,Q3,115738000,238715000,609772000,253297000,1.939350271243952,-27.018126803015907
ON,2017-09-29,Q3,282000000,2212400000,6861300000,4165600000,0.5098535527029471,-0.21656204475216292
MLSS,2017-09-30,Q3,-3535980,8787163,15541646,9066550,-1.609611657368823,-43.07692025540133
KLIC,2017-09-30,FY,112011000,912936000,1171107000,809041000,0.12269315702305529,8.462241351631617
BIEI,2017-09-30,Q3,-2855006,-2660147,224732,24276,4.293004860257723,-90.37974707229533
FSI,2017-09-30,Q3,3247366,16367545,18310756,12655460,0.7936110149689523,-15.999998365129745
VTVT,2017-09-30,Q3,-40055000,-136303000,24055000,58000,1.1754693587081722,-87.56058219797305
LTBR,2017-09-30,Q3,-5116519,5537731,6866124,165046,-3.695751202071751,-17.117115504568186
AN,2017-09-30,Q3,283300000,2200500000,9954800000,15851100000,0.5149738695750966,-13.111669798781497
MHO,2017-09-30,Q3,56199000,722973000,1784695000,1340269000,0.3109327734230739,-11.403183626827984
TTMI,2017-10-02,Q3,75411000,943861000,2673944000,1919243000,0.3195851931587384,2.33614934403792
WNDW,2017-08-31,FY,-5353425,-3631476,831708,0,1.4741733113477826,-35.714281659547794
BRGO,2017-09-30,Q3,-99267,-323857,1543174,408648,1.2260596497837009,0.0
WHR,2017-09-30,Q3,609000000,4752000000,20838000000,15551000000,0.5126262626262627,-35.42686028209262
SIX,2017-09-30,Q3,215013000,-573027000,2528288000,1102318000,-1.5008926280960584,15.081591893903248
REX,2017-10-31,Q3,24777000,362396000,474345000,343051000,0.2734798397333304,-17.520978455569335
CPSI,2017-09-30,Q3,4121000,156852000,340536000,133263000,0.10509269884987121,-10.648914931233257
CACC,2017-09-30,Q3,293100000,1351800000,4826900000,749200000,0.8672880603639591,55.53149244780423
PFIE,2017-09-30,Q3,3130676,42733044,45308852,25514149,0.29304497943090596,60.70529139704699
FNLC,2017-09-30,Q3,14502000,179882000,1781701000,45010000,0.3224780689563158,-2.3592880388926836
OPOF,2017-09-30,Q3,2860000,97641000,954497000,24354000,0.1171638963140484,-8.758012813983514
MTH,2017-09-30,Q3,107702000,1539108000,3252158000,2280347000,0.27990758283369327,-10.937495077294878
GMER,2017-09-30,Q3,-730137,-345081,825165,15907,8.46336946977666,-76.39484944230965
BW,2017-09-30,Q3,-271780000,286467000,1459897000,1149636000,-3.794922277260557,-71.06741395446323
PRSS,2017-09-30,Q3,-10167000,35580000,43959000,51491000,-1.1430016863406407,-21.505374896869544
AP,2017-09-30,Q3,-8314000,151423000,575008000,317952000,-0.21962317481492244,-67.3130174806132
LFUS,2017-09-30,Q3,130338000,933107000,1702192000,916685000,0.5587269198494921,1.2380406987427794
MEIP,2017-09-30,Q1,-8788000,43566000,48031000,283000,-0.806867740898866,60.22304492685318
ADMA,2017-09-30,Q3,-30776173,12992508,72813480,10757683,-9.475052237797351,91.66666727988317
CNX,2017-09-30,Q3,114671000,3931831000,8979568000,2235942000,0.11665913412860318,1.5493783780710906
FMNB,2017-09-30,Q3,17476000,237883000,2162025000,59443000,0.2938587456859044,-1.2903213500976562
SCS,2017-11-24,Q3,80700000,813300000,1848500000,2282800000,0.39690151235706383,13.958335292560134
CNP,2017-09-30,Q3,496000000,3618000000,22135000000,6976000000,0.5483692647871752,-4.523478961864881
AEP,2017-09-30,Q3,1527100000,18069100000,63964900000,11614500000,0.33805778926454555,0.6389279373737529
WTER,2017-09-30,Q2,-2879482,433421,4459219,10021722,-26.574457628956605,171.42857142857142
CMA,2017-09-30,Q3,631000000,8034000000,72017000000,1604000000,0.3141647996016928,17.677749709878967
FTFT,2017-09-30,Q3,-14460412,129562165,264732849,10179416,-0.44643934438730626,-35.05154879899717
FARO,2017-09-30,Q3,-3458000,356726000,439881000,193476000,-0.03877485801427426,67.79661286699927
RNGR,2017-09-30,Q3,-21500000,109900000,257000000,103800000,-0.7825295723384895,-42.60274044186473
BBRG,2017-09-24,Q3,24000,-20782000,152147000,298491000,-0.004619382157636416,68.75000124176339
WSCI,2017-11-26,Q1,85721,13392861,26341551,7528800,0.02560199795995792,121.90474792042238
SF,2017-09-30,Q3,184859000,2932405000,20484080000,327766000,0.25216025753604976,-5.038908957036849
MAXD,2017-09-30,Q3,-4091433,-10960982,183622,0,1.4930899439484528,-80.00000145519145
CMRX,2017-09-30,Q3,-51746000,236899000,246085000,2650000,-0.8737225568702274,-27.829309809602194
ESS,2017-09-30,Q3,348381000,6265508000,12512523000,1018835000,0.2224119736181009,-2.2466114823866734
COF,2017-09-30,Q3,2953000000,50154000000,361402000000,18618000000,0.2355146149858436,10.486501778682555
MU,2017-08-31,FY,5090000000,18621000000,35336000000,20322000000,0.2733472960635841,65.02971365249395
LQ,2017-09-30,Q3,30909000,702980000,2951808000,766351000,0.17587413582178724,147.08572387695312
DGLY,2017-09-30,Q3,-7852784,4067967,15056941,10263833,-7.721580828949694,18.75
EQT,2017-09-30,Q3,478807000,6087670000,15984648000,2248729000,0.31460772348041205,-32.32864458929961
CVEO,2017-09-30,Q3,-57791000,525705000,929750000,274438000,-0.4397218972617723,45.61402960851949
CDE,2017-09-30,Q3,-16652000,764537000,1402092000,175963000,-0.08712200979154704,-43.29787085098392
DHR,2017-09-29,Q3,1635500000,25375400000,45851300000,13244000000,0.257808743901574,26.67288954898884
CRTG,2017-09-30,Q3,-1312815,-908851,1558088,0,5.777910790657654,-65.43209780018388
CVAT,2017-06-30,FY,-1066945,-1144720,844731,1063054,0.9320576210776435,0.0
TSQ,2017-09-30,Q3,16848000,408287000,1104923000,393192000,0.16506036195127446,-22.011952654819382
CVX,2017-09-30,Q3,6151000000,146713000000,255160000000,98293000000,0.16770156700496888,4.1301187614042165
RBCN,2017-09-30,Q3,-11791000,39291000,41483000,3667000,-1.2003766765926038,8.716698467355359
JBLU,2017-09-30,Q3,475000000,4139000000,9596000000,5259000000,0.45904807924619473,4.592114375792603
QDEL,2017-09-30,Q3,-3077000,218884000,413821000,162853000,-0.05623069753842218,49.47247809567506
CIVB,2017-09-30,Q3,11892000,181981000,1496088000,42755000,0.2613899253218743,7.785233742370712
CVM,2017-03-31,Q2,-4905338,-2832000,22080400,34433,6.928443502824859,-37.333334816826714
ACUR,2017-09-30,Q3,-3944000,1600000,7269000,107000,-9.86,-55.00000138615451
LRCX,2017-09-24,Q1,590690000,7271178000,12398626000,2478140000,0.32494872220154697,-8.515017717035137
RRGB,2017-10-01,Q3,21212000,376765000,898235000,1038576000,0.2252013854790121,-40.38603944244134
TSRI,2017-08-31,Q1,160359,7879107,13106992,17037108,0.08140973336191525,78.35293938131893
CNFR,2017-09-30,Q3,-21763000,52494000,236309000,70287000,-1.6583228559454415,-5.833331743876139
VICA,2017-09-30,Q3,-1498738,-1125272,387183,269918,5.327558137054863,-32.53968013687497
NBIO,2017-09-30,Q2,-856382,1170372,1295914,0,-2.926871114483258,-15.44281515358541
PAR,2017-09-30,Q3,1907000,73383000,114733000,90594000,0.10394778082117112,120.65541198352898
EVR,2017-09-30,Q3,180606000,475565000,1561035000,1179309000,1.5190857190920273,23.52579995934114
OVBC,2017-09-30,Q3,6611000,109962000,1019614000,34044000,0.24048307597169932,-1.0796159768379403
PXD,2017-09-30,Q3,168000000,10591000000,16465000000,2433000000,0.06345009914077991,15.136499551535405
PIXY,2017-08-31,FY,-7491990,5615234,9443144,20244419,-1.334225786494383,-18.491484184914842
FDP,2017-09-29,Q3,125900000,1819100000,2720500000,3132200000,0.2768401957011709,-25.45094572774876
HOV,2017-10-31,FY,-332193000,-460371000,1900898000,2451665000,0.7215767283343216,-37.60330578512397
ADMG,2017-09-30,Q3,-3953636,-16238079,43468797,590421,0.9739171733306631,-80.48780514398265
OPMZ,2017-08-31,Q2,-14009271,-862672,1035798,55000,64.95757831481721,-61.538462614786624
INUV,2017-09-30,Q3,-4061596,12726710,36648714,55798545,-1.2765580421020044,-37.373737495367095
LL,2017-09-30,Q3,-40812000,193764000,402933000,769074000,-0.8425094444788506,-59.98449977403511
GBNK,2017-09-30,Q3,30019000,375152000,3510046000,98962000,0.3200729304388621,6.0714312962123325
VMC,2017-09-30,Q3,273639000,4685134000,9439334000,2912806000,0.2336232005317244,-6.4996244321015
HWBK,2017-09-30,Q3,5786000,96072000,1386532000,37717000,0.24090265634107752,14.02409379436419
SFRX,2017-09-30,Q3,-822878,-1005633,86309,0,3.273074769821595,-8.333338183971513
MYRG,2017-09-30,Q3,7575000,272560000,620597000,1029816000,0.11116818315233343,10.382143140033834
CHGG,2017-09-30,Q3,-23942000,368954000,440152000,181559000,-0.2595662331889612,91.31898359365668
AVAV,2017-10-28,Q2,2346000,389401000,429263000,84024000,0.024098551364788483,77.27629872431686
LEU,2017-09-30,Q3,-23300000,-254600000,521900000,19300000,0.36606441476826396,-30.490952538313927
CRVW,2017-09-30,Q3,-14976963,-57216258,14325589,4666091,1.0470424682439037,-20.000002980232196
DBC,2017-09-30,Q3,-89166785,1952025068,1959392925,9629033,-0.1827164752373969,17.681720855601345
RGEN,2017-09-30,Q3,16175000,576869000,734236000,99516000,0.11215717953296156,47.30410846425057
WIRE,2017-09-30,Q3,38529000,612643000,708365000,862956000,0.25155922780477374,9.031550908109631
OPK,2017-09-30,Q3,-94965000,2089036000,2721990000,740992000,-0.18183506650914585,-50.7823622349323
MNTR,2017-06-30,Q2,-612545,5994123,7396600,4760,-0.4087637173945213,-16.216216651604412
BGS,2017-09-30,Q3,87555000,791389000,3229471000,1194372000,0.4425383724059849,-15.015475506749477
VIRC,2017-10-31,Q3,5341000,65574000,125645000,164665000,0.325799859700491,-26.610171970914227
CVAT,2017-03-31,Q3,-640818,-888593,956464,801873,2.8846412249477544,33.33333333333333
FALC,2017-09-30,Q3,-322825,-22478965,11966794,6549832,0.057444815630968774,-76.92307692307693
ORMP,2017-08-31,FY,-10480000,19238000,38712000,2456000,-0.5447551720553072,-44.97109319305831
AROC,2017-09-30,Q3,-30732000,735329000,2413826000,585720000,-0.1671741492583592,-4.687502910383003
SBCF,2017-09-30,Q3,29818000,594441000,5340299000,138252000,0.20064564860095452,20.611325349727867
CRMT,2017-10-31,Q2,12961000,226810000,444007000,258701000,0.22857898681715974,71.17853228961076
CNK,2017-09-30,Q3,170544000,1339828000,4371650000,2241553000,0.5091519209928439,9.536784542888578
APYP,2017-06-30,FY,-700323,-415210,81611,995,1.686671804628983,-50.0
BCRX,2017-09-30,Q3,-46239000,100632000,191492000,1501000,-1.8379441927021225,43.15197417743352
SXT,2017-09-30,Q3,76179000,879532000,1738865000,1033391000,0.3464524315203995,-1.8221457248614976
FSTJ,2017-09-30,Q1,-8771,-134401,5855,0,0.26103972440681245,-16.66666997803569
CRVL,2017-09-30,Q2,17168000,147696000,255529000,274043000,0.4649550427905969,5.14834345936858
TPIC,2017-09-30,Q3,37801000,151768000,576361000,683142000,0.9962838015919034,27.058300442815575
STZ,2017-08-31,Q2,902300000,7928100000,19418400000,4412500000,0.45524148282690685,4.327830154508008
GD,2017-10-01,Q3,2276000000,11564000000,34914000000,13851000000,0.7872708405396057,-1.9164430704321194
LH,2017-09-30,Q3,564800000,6125900000,16691800000,7504400000,0.368794789337077,14.731144619689317
TRST,2017-09-30,Q3,35783000,454928000,4870275000,125948000,0.31462561108571024,-6.077348066298343
ABG,2017-09-30,Q3,96600000,347300000,2269800000,589500000,1.1125827814569536,11.066233126435828
IGSC,2017-09-30,Q3,-103409,307196,588290,24135,-1.3464888865740439,-37.499998935631325
OCFC,2017-09-30,Q3,32514000,596252000,5383912000,140923000,0.2181225387923227,-0.7655887330838413
AMTY,2017-09-30,Q1,-63655,1279070,2009995,925716,-0.19906650926063468,0.0
INIS,2017-09-30,Q3,-2975060,-486788,12566309,5520733,24.446453076082403,-40.00000223517415
NMIH,2017-09-30,Q3,23816000,511025000,886612000,128205000,0.18641749425174894,87.19007359055216
FPAY,2017-09-30,Q3,-4345131,10260486,21666192,50632717,-1.6939279484422083,-83.42857133774531
ZG,2017-09-30,Q3,-17245000,2688992000,3340701000,794464000,-0.02565273530006783,8.974357165691314
IPDN,2017-09-30,Q3,-17664610,14661900,24121837,1977101,-4.8191871449130055,-24.403185171047305
EIG,2017-09-30,Q3,69900000,917100000,3835400000,600400000,0.3048740595354923,-1.7353563200433468
CFFI,2017-09-30,Q3,9887000,147006000,1484646000,67147000,0.26902303307347997,3.8903639126800607
MCO,2017-09-30,Q3,975100000,-369100000,8304900000,3038600000,-10.56732592793281,19.24968899648844
AYX,2017-09-30,Q3,-15960000,151452000,254346000,93019000,-0.42151968940654466,180.57871896512628
REXR,2017-09-30,Q3,27585000,1236839000,2003001000,115475000,0.089211287807063,9.752740945710848
PULM,2017-09-30,Q3,-13532000,12780000,19325000,335000,-4.235367762128326,-82.54716981132076
BJRI,2017-10-03,Q3,21294000,245178000,693066000,770642000,0.34740474267674915,123.58305434477232
CARV,2017-06-30,Q1,-641000,47136000,661074000,6171000,-0.05439579090291921,36.17647013449753
HIG,2017-09-30,Q3,572000000,17233000000,224211000000,14108000000,0.13276852550339466,-10.143884072719109
CAPC,2017-09-30,Q3,2142570,6857922,10434614,30789653,1.2496905039164925,-58.762887199749294
UGI,2017-09-30,FY,523800000,3163300000,11582200000,6120700000,0.16558657098599563,16.972378632226352
NSTG,2017-09-30,Q3,-34811000,45070000,147187000,50990000,-3.0895052141113823,7.734143478261872
FC,2017-08-31,FY,-7172000,85065000,210731000,177816000,-0.08431199670839946,36.96809066480639
ICGL,2016-12-31,FY,-50997008,13653,49328,0,-3735.22361385776,-25.925925925925924
STRS,2017-09-30,Q3,10753000,133965000,410464000,59315000,0.3210689359160975,0.3278701031794313
MHTX,2017-09-30,Q3,-147000,12218000,14584000,142000,-0.048125716156490424,-41.07143070966911
MELI,2017-09-30,Q3,81500000,406156000,1618292000,961117000,0.8026472586887797,29.137117050107054
NTGR,2017-10-01,Q3,51370000,776515000,1161157000,1009863000,0.26461819797428254,27.87385881525725
FOGO,2017-10-01,Q3,12752000,307591000,535889000,225517000,0.16583059972495945,27.016132939742704
ADTN,2017-09-30,Q3,34950000,504166000,695558000,444607000,0.27728962286231124,-27.51540311283992
CMS,2017-09-30,Q3,464000000,4535000000,22120000000,4805000000,0.40926130099228225,5.557953323618812
ADC,2017-09-30,Q3,42119000,820299000,1366973000,85027000,0.20538364669468084,6.8812839365096234
IDXG,2017-09-30,Q3,-7208000,36378000,50391000,11527000,-0.7925669360602562,4.054050135560291
BERY,2017-09-30,FY,340000000,1015000000,8476000000,7095000000,0.33497536945812806,-15.711549349830332
SGBI,2017-06-30,FY,-329606,-260523,93773,67653,1.2651704456036512,-51.612903516541905
NBIX,2017-09-30,Q3,-149436000,347512000,772496000,52109000,-1.7200672207002923,98.88385240243859
ZION,2017-09-30,Q3,160000000,7761000000,65564000000,557000000,0.08246360005153976,6.070225932067404
VFC,2017-09-30,Q3,705192000,3937420000,10874921000,8370183000,0.7164000792397052,46.680260142137584
SCND,2017-09-30,Q1,-232600,5604300,6726900,1280800,-0.16601538104669628,2.941173583166078
KDUS,2017-09-30,Q3,-1282796,39630520,40281618,0,-0.12947556580130667,28.000001907348633
WNC,2017-09-30,Q3,62066000,487728000,1379127000,1223717000,0.5090214217760719,-20.393013773306198
NTRR,2017-10-31,Q3,-418573,-724588,22450,0,2.3106813803154345,-8.831519194608452
KOS,2017-09-30,Q3,-100713000,1009243000,2970448000,449732000,-0.3991625406368932,18.504442835110616
EMMS,2017-08-31,Q2,71337000,33992000,277276000,83012000,8.394563426688633,92.07544612267145
NUE,2017-09-30,Q3,985477000,8505385000,16503834000,15160065000,0.4634602666428386,13.20250067191078
CDNA,2017-09-30,Q3,-23931000,-311000,75093000,24485000,307.79421221864953,624.8743779701234
AFAM,2017-09-29,Q3,11580000,458880000,731873000,596347000,0.10094142259414227,4.283052522129329
CNTY,2017-09-30,Q3,12921000,150353000,241265000,122531000,0.34375103922103317,-10.012061851934297
INTU,2017-10-31,Q1,-17000000,1203000000,4064000000,319000000,-0.05652535328345802,34.286847645612966
SSNF,2017-09-30,Q3,430,22229,194090,5471,0.07737640019793963,27.472527472527474
GPMT,2017-09-30,Q3,39169000,830774000,2356727000,80782000,0.18859039883289558,1.8489190482159186
IESC,2017-09-30,FY,13594000,236704000,424494000,810744000,0.05743037717993781,8.938549807640157
AFL,2017-09-30,Q3,2021000000,21977000000,136083000000,16243000000,0.3678391045183601,14.84689275065125
CIVI,2017-09-30,FY,6331000,162917000,1049382000,1474510000,0.03886027854674466,-11.632047440796637
CZWI,2017-09-30,FY,2499000,73483000,940664000,27878000,0.03400786576487078,0.0
PRLB,2017-09-30,Q3,37506000,429839000,477570000,250312000,0.34902370422413975,98.3445664586195
CRBO,2017-09-30,Q3,4926000,12694000,55501000,17565000,1.5522293997164014,-1.3333366030738467
VALU,2017-10-31,Q2,4287000,38753000,85927000,17903000,0.4424947745980956,38.233652241182696
GSIH,2016-06-30,Q2,2254000,2082000,99228000,23000,4.33045148895293,-92.40566004050417
MGNX,2017-09-30,Q3,-125353000,189465000,241845000,5383000,-2.6464624073047793,14.529921583718904
THFF,2017-09-30,Q3,26515000,443558000,2982342000,84779000,0.23911190870190596,3.7190065708946487
EOSS,2017-09-30,Q3,232614,-42860,287625,109590,-21.7091927204853,-35.483870967741936
LGND,2017-09-30,Q3,19566000,403166000,662337000,14336000,0.19412351239935907,101.81604549986885
QNST,2017-09-30,Q1,1445000,121141000,179085000,87418000,0.0477129956001684,81.41710775697395
MAT,2017-09-30,Q3,-772553000,1439675000,6199684000,3271078000,-2.1464650007814265,2.0806221875366426
RGLS,2017-09-30,Q3,-57457000,48582000,90847000,54000,-4.730723313161253,-84.84848426466216
ENTG,2017-09-30,Q3,113407000,1018365000,1757749000,991970000,0.4454473592474211,-1.025638417301015
EFSI,2017-09-30,Q3,6076000,83551000,738564000,21028000,0.29088820002154375,27.52136491302751
GES,2017-10-28,Q3,-7008000,926341000,1553512000,1518323000,-0.030260994601340113,31.09035461475002
BEN,2017-09-30,FY,1789700000,12620000000,17534000000,6392200000,0.14181458003169573,-32.01430771601629
BBGI,2017-09-30,Q3,17462221,217015988,631920027,173656015,0.3218605442102266,-40.772529430881534
ALLY,2017-09-30,Q3,748000000,13573000000,164013000000,4292000000,0.2204376335371694,8.312861098703104
LKQ,2017-09-30,Q3,409573000,4041037000,8863938000,7267054000,0.40541375889406606,-12.65857269086927
GWRS,2017-09-30,Q3,1817000,13385000,238171000,23408000,0.5429958909226746,10.42752850978993
BEGI,2017-09-30,Q3,-89413,125125,146809,0,-2.8583576423576424,13.333334216365131
PVNC,2017-10-31,Q2,-59461,-201657,8952,0,1.1794482710741507,20.048015725894395
AGM,2017-09-30,Q3,64311000,694166000,17690238000,289161000,0.3705799477358442,-2.062410727281122
HEES,2017-09-30,Q3,23730000,139815000,1302213000,735353000,0.6788971140435576,27.721429603585506
LNG,2017-09-30,Q3,283000000,-1893000000,27134000000,195000000,-0.5979926043317485,51.625562049798326
SKVI,2017-09-30,Q3,-1703509,-6777457,590424,115679,1.0053971570752864,-68.32298270935195
HMNY,2017-09-30,Q3,-55179589,-26176235,17464774,3672036,8.43201308362337,-99.99953466870798
PHOT,2017-09-30,Q3,-1178105,-2649177,860353,1650367,1.7788241404783447,103.50878361937828
KOP,2017-09-30,Q3,44300000,108300000,1180900000,1109400000,1.6361957525392428,-33.652824041871156
DGX,2017-09-30,Q3,557000000,4794000000,10439000000,5773000000,0.4647476011681268,15.325429105540936
MDB,2017-10-31,Q3,-69985000,213185000,353995000,109478000,-1.3131317869456107,153.5761222975942
AMKR,2017-09-30,Q3,162945000,1560437000,4412269000,3038074000,0.41769068536570203,-30.610327406702442
TTEC,2017-09-30,Q3,51536000,399794000,949518000,1050742000,0.5156255471567858,-38.91509743762116
HSTM,2017-09-30,Q3,6056000,295657000,403840000,184904000,0.0819327802149112,27.246611247377007
CHMI,2017-09-30,Q3,27781000,315120000,1935405000,12530000,0.35264026402640264,-0.44004357735505095
WEN,2017-10-01,Q3,34753000,462595000,4090273000,467914000,0.3005047611841892,12.099407667828437
LEE,2017-09-24,FY,28605000,-92235000,620850000,566943000,-0.3101317287363799,34.146341463414636
NHI,2017-09-30,Q3,121566000,1327667000,2519932000,207576000,0.36625449001895805,-2.426752101702674
CFG,2017-09-30,Q3,986000000,20109000000,151356000000,3629000000,0.19613108558356954,3.627077995285436
SLB,2017-09-30,Q3,758000000,39573000000,73569000000,16308000000,0.07661789604022945,-12.117717199739245
CRS,2017-09-30,Q1,23400000,1231000000,2892500000,479800000,0.0760357432981316,17.900001525878906
NEPH,2017-09-30,Q3,-2098000,265000,2824000,2316000,-31.667924528301885,66.6666691195327
MFON,2017-09-30,Q3,-4167156,-1158615,5068034,6436072,14.386680648878187,54.99999523162842
FOXF,2017-09-29,Q3,40326000,230570000,376652000,354540000,0.6995879776206791,62.52901515488114
ZNRG,2017-09-30,Q3,-3112448,876101,1603095,1302217,-14.210452904402574,-33.42857067844493
CAH,2017-09-30,Q1,117000000,6678000000,41940000000,32641000000,0.07008086253369272,-20.867523900275405
FCN,2017-09-30,Q3,41074000,1130929000,2260593000,1340021000,0.14527525600634522,101.0162118872086
BFIN,2017-09-30,Q3,3560000,199778000,1654269000,14121000,0.07127911982300353,-1.9076948899489183
ASRV,2017-09-30,Q3,4288000,97110000,1170916000,32986000,0.17662444650396458,8.860763008253327
NAHD,2017-09-30,Q3,817524,-6558390,37694,1848,-0.4986126168160174,-13.333339956071377
TWER,2017-09-30,Q3,-10416127,-12394339,26651205,19645143,3.3615756354574455,-40.784312992176595
IIIN,2017-09-30,FY,22548000,223376000,283073000,388871000,0.10094190960532913,39.665240647031446
CVLY,2017-09-30,Q3,10514000,164054000,1664612000,51863000,0.25635461494385997,5.5745066402945
IROQ,2017-09-30,Q1,975000,84742000,612009000,5468000,0.046022043378726014,18.814431393307387
RIBT,2017-09-30,Q3,-1564000,12392000,32904000,10206000,-0.5048418334409296,120.76923663799579
AUMN,2017-09-30,Q3,-1851000,10078000,14902000,5107000,-0.7346695772970827,-58.333333333333336
SP,2017-09-30,Q3,36000000,305100000,765900000,1198100000,0.471976401179941,-9.54150835120931
HIVE,2017-09-30,Q3,-19504000,21180000,134149000,85666000,-3.6834749763928234,-69.62025232411332
UONE,2017-09-30,Q3,-9165000,-80202000,1325616000,331005000,0.45709583302162043,29.729733212835296
RJF,2017-09-30,FY,638867000,5581713000,34883456000,6524875000,0.1144571567903975,8.870490513653593
OVTZ,2017-09-30,Q3,-192776,-514332,66985,0,1.4992339578326839,0.0
SRCE,2017-09-30,Q3,50057000,710497000,5806735000,156200000,0.28181399780716876,1.996508579667464
IMAX,2017-09-30,Q3,3820000,589748000,846663000,255214000,0.02590937146035256,13.907283318244367
HEI,2017-10-31,FY,207660000,1161080000,2512431000,1524813000,0.17885072518689496,39.9840103370811
NPO,2017-09-30,Q3,505600000,866500000,1842400000,947100000,2.33398730525101,-10.10723188197412
BLBX,2017-09-30,Q3,-759459,216889,685738,708837,-14.006408808192209,-35.59719180519077
HPGN,2017-08-31,Q1,-353617,-202955,235486,0,6.969367593801581,0.0
EXTR,2017-09-30,Q1,4376000,135437000,597884000,164774000,0.12924090167384097,-54.85996817053142
AWR,2017-09-30,Q3,56499000,525812000,1486486000,71258000,0.429803808205214,21.309518925817613
IVTY,2017-09-30,Q3,-32511000,5399000,52054000,28391000,-24.08668271902204,-19.56521468712381
STXS,2017-09-30,Q3,-3334653,-24169153,15125792,23588433,0.5518857859851357,40.69767651395449
