Symbol,EndDate,Quarter,NetIncome,StockholdersEquity,TotalAssets,NetSales,ROE,Percent_Growth
SYK,2016-12-31,FY,1647000000,9550000000,20435000000,11325000000,0.17246073298429318,29.649163478382967
WVVI,2016-12-31,FY,2628975,34632164,44871122,19425412,0.07591136955807902,2.8678245524746777
WSCI,2017-02-26,Q2,-684555,13357064,24603065,12643527,-0.20500163808453714,82.88135232955557
IEP,2016-12-31,FY,-2220000000,2154000000,33335000000,15511000000,-1.0306406685236769,-14.016871309540283
MTRN,2016-12-31,FY,25740000,494089000,741298000,969236000,0.052095877463371985,21.34831310845256
PCYN,2016-12-31,Q2,51211,2321587,2661197,1919568,0.08823447064443417,37.40458848850011
WAL,2016-12-31,FY,259798000,1891500000,17200800000,700506000,0.137350251123447,14.778019116635853
NOV,2016-12-31,FY,-2416000000,13940000000,21140000000,5351000000,-0.1733142037302726,-4.734199551740298
MTCH,2016-12-31,FY,172013000,496522000,2048678000,1222526000,0.3464358074768087,80.66935720589822
NTRA,2016-12-31,FY,-95765000,106476000,210680000,213968000,-0.8994045606521658,-24.390248010658695
OSBC,2016-12-31,FY,15684000,175210000,2251188000,73379000,0.08951543861651733,25.229358681122623
AIR,2017-02-28,Q3,35300000,885700000,1502100000,688500000,0.15942192616009937,24.927374455225294
IDN,2016-12-31,FY,-5734681,12935451,14533525,3838963,-0.4433305804335697,-4.8327179061566765
LMT,2016-12-31,FY,5302000000,1606000000,47806000000,40365000000,3.3013698630136985,26.741933159865077
KIRK,2017-01-28,FY,11046000,133813000,270146000,593221000,0.08254803344966483,-14.357863062135461
ATRI,2016-12-31,FY,27581000,162988000,182593000,143487000,0.16922104694824158,25.51751258895671
RPM,2016-11-30,Q2,43138000,1281432000,4547461000,2442833000,0.1346556040429769,0.3780018210475111
EXLS,2016-12-31,FY,61733000,531985000,706528000,685988000,0.11604274556613438,20.099497171667732
HR,2016-12-31,FY,85571000,1653414000,3040647000,411630000,0.05175412812520034,6.533994488489895
KBH,2016-11-30,FY,105615000,1723145000,5131624000,3594646000,0.06129199806168372,92.80303422558876
TLYS,2017-01-28,FY,11410000,189220000,290506000,568952000,0.06030017968502272,29.495801188230153
PRTA,2016-12-31,FY,-160108000,365403000,459976000,1055000,-0.43816826900709627,-24.70375378769015
SHO,2017-01-28,FY,-131919000,270699000,468426000,2070056000,-0.4873272527789168,16.34877090352714
UHS,2016-12-31,FY,747171000,4533220000,10317802000,9766210000,0.16482125288426328,6.222471602114953
STKL,2016-12-31,FY,-51134000,366682000,1129558000,1346731000,-0.13945053206865896,5.4421782388775135
PEBO,2016-12-31,FY,31157000,435261000,3432348000,115444000,0.07158233795354971,1.6199391977631852
FISI,2016-12-31,FY,31931000,320054000,3710340000,115231000,0.09976753922775532,-8.124071540959708
NOW,2016-12-31,FY,-451804000,386961000,2033767000,168874000,-1.1675698584611887,72.33676061127117
GRC,2016-12-31,FY,24883000,302888000,382818000,382071000,0.08215247880404639,-1.8244788120512272
CNS,2016-12-31,FY,92810000,265814000,333728000,349876000,0.34915391965810677,39.704588027326984
TRNS,2016-12-24,Q3,3010000,42431000,91268000,51577000,0.2837548019136952,33.6448639779646
APOG,2016-11-26,Q3,62671000,452177000,717245000,800407000,0.5543935228903726,0.5247691083185064
SMG,2016-12-31,Q1,-64900000,579800000,3060400000,246800000,-0.44774060020696793,12.858643902528533
QNST,2016-12-31,Q2,-11419000,116614000,165972000,139048000,-0.3916853894043597,127.71739028323803
MLFB,2017-01-31,Q3,-4386576,-4091977,317563,0,4.287977180712404,-81.870093306156
ARAT,2016-01-31,Q1,-45829,-148246,0,0,1.2365662479932005,-24.99999813735488
MCY,2016-12-31,FY,73044000,1752402000,4788718000,121900000,0.041682216751635755,-10.154675457316339
SFM,2017-01-01,FY,124306000,672909000,1439893000,4046385000,0.18472928731819607,24.935867970370627
HUSA,2016-12-31,FY,-2641625,2856445,2945016,165910,-0.9247946310886433,83.33333333333334
CSL,2016-12-31,FY,250100000,2466900000,3965800000,3675400000,0.10138230167416595,4.017938224250427
GPRE,2016-12-31,FY,30491000,862507000,2506492000,3410881000,0.03535159714645794,-39.27927790461359
HIG,2016-12-31,Q4,896000000,16903000000,223432000000,18300000000,0.2120333668579542,17.863871789103403
FCAP,2016-12-31,FY,6877000,75730000,743658000,25094000,0.0908094546414895,12.01220284467099
SXI,2016-12-31,Q2,24165000,378698000,710729000,353454000,0.2552429640505099,15.6072647425062
MTW,2016-12-31,FY,-375800000,590500000,1517800000,1600000000,-0.6364098221845893,66.13175526010984
MDXL,2016-12-31,FY,-657160,-905530,114971,0,0.7257186399125374,59.72221256406257
EBS,2016-12-31,FY,51776000,596205000,970111000,296278000,0.08684261285967075,39.8435204961058
EVI,2016-12-31,Q2,1680000,27829000,57942000,42870000,0.2414747206151856,176.81661265042067
ALCO,2016-12-31,Q1,-1743000,171697000,460753000,17445000,-0.04060641711852857,9.869644621529114
VAC,2016-12-30,FY,137348000,907819000,2391419000,126126000,0.15129447610151361,59.35180806762854
HI,2016-12-31,Q1,21900000,636500000,1877700000,356100000,0.13762765121759624,17.015706466441
OII,2016-12-31,FY,24586000,1516643000,3130315000,2271603000,0.016210802410323327,-26.41837895413029
HRB,2017-01-31,Q3,-374407000,-800816000,2577631000,592721000,1.8701274699806198,23.205972330111756
ED,2016-12-31,FY,1245000000,14298000000,48255000000,12075000000,0.08707511540075535,15.374168297009863
TXMD,2016-12-31,FY,-89875459,127489421,142472020,19356450,-0.7049640534487955,1.1725293132328307
ESIO,2016-12-31,Q3,-19486000,159503000,208036000,85069000,-0.48866792474122744,259.5637612082733
CATO,2017-01-28,CY,47212000,383903000,606324000,947370000,0.4919159266793956,-49.92156683229933
CNNA,2016-12-31,FY,-22713,-13026,0,0,1.743666513127591,-50.0
SM,2016-12-31,FY,-757744000,2497133000,6393511000,1217450000,-0.30344559140422234,-35.626820948004564
RSRV,2016-12-31,FY,-84225,32261102,36948544,6291138,-0.002610729168520034,11.6751269035533
TIPT,2016-12-31,FY,32338000,293431000,2890050000,567154000,0.11020648806704131,-5.5555614424338735
WRLD,2016-12-31,Q3,41749452,421990269,860937330,387163914,0.3957385282739778,22.674768202076446
MMEX,2015-07-31,Q1,-2240521,-2883850,11591,0,3.107680357854951,-75.5
TCCO,2016-12-31,Q1,-694588,4222788,4748516,631621,-0.6579425725373853,387.23405420969107
SUPN,2016-09-30,Q3,76902000,173371000,285116000,148978000,1.7742759746439716,61.74686914847718
OMI,2016-12-31,FY,108787000,960038000,2717752000,9723431000,0.11331530626912685,-47.98898193504358
RGRX,2016-12-31,FY,229125,-6066558,862402,93308,-0.0377685336561523,-46.875
CBRL,2017-01-27,Q2,101082000,581717000,1534891000,1482653000,0.6950596252129472,11.553736234628921
NRG,2016-12-31,FY,-891000000,4446000000,30355000000,12351000000,-0.20040485829959515,131.54470813495809
MOH,2016-12-31,FY,52000000,1649000000,7449000000,38000000,0.031534263189812006,43.086396877856444
AWX,2016-12-31,FY,-409000,38741000,67898000,61352000,-0.010557290725587878,-28.571427355007227
TECH,2016-12-31,FY,43743,102414,111114,118500,0.4271193391528502,26.254753222064082
CVR,2016-12-31,FY,2356980,27891925,31204309,37022378,0.08450402759938584,-23.502527133720694
ATKR,2016-12-30,Q1,17382000,280455000,1019236000,337591000,0.2479114296411189,-10.288578419789966
JVA,2017-01-31,Q1,375782,24914985,34473929,19632367,0.0603302791472682,-6.813195749924388
MG,2016-11-30,Q2,13905000,278088000,492166000,345085000,0.20000863036161215,-2.0727571225434414
HURN,2016-12-31,FY,37617000,648033000,1153215000,726272000,0.058047969779316796,-12.255960733606855
AHAG,2016-12-31,FY,-835237,-351030,6902,2236,2.3793892259920804,101.99999664723866
NTRR,2016-10-31,Q3,-514552,-588421,0,0,3.4978493289668453,-86.36000007390976
HES,2016-12-31,FY,-6076000000,14534000000,28621000000,4762000000,-0.41805421769643597,-24.43489103580144
ORGS,2016-11-30,FY,-9194000,10578000,33487000,6397000,-0.8691624125543581,-3.8461503192516595
BECN,2016-12-31,Q1,20430000,1349844000,3092140000,1002184000,0.06054032910469654,38.759515261985015
WRK,2016-12-31,Q1,78500000,9551500000,22871100000,3447200000,0.032874417630738624,23.408819949272424
WLFC,2016-12-31,FY,14069000,196260000,1337887000,207274000,0.07168551920921228,-5.986446478008148
ISTR,2016-12-31,FY,7880000,112757000,1158960000,43152000,0.06988479650930762,27.176777895450726
VTVT,2016-12-31,FY,-55353000,-90945000,54495000,634000,0.6086425861784595,19.483100170387285
JBHT,2016-12-31,FY,432090000,1414061000,3828988000,6007347000,0.30556673297686593,18.81782302941925
AEY,2016-12-31,Q1,217161,41855740,56626502,12095826,0.020753282584419722,-15.51724062332593
WTW,2016-12-31,FY,67493000,-1207573000,1270976000,949121000,-0.055891445072057754,22.27361656398288
FTI,2016-12-31,FY,-11900,74100,74100,0,-0.16059379217273953,-13.959880148491438
SCHW,2016-12-31,FY,1889000000,16421000000,223383000000,7478000000,0.11503562511418305,27.786064569538464
NNBR,2016-12-31,FY,7942000,315199000,1360386000,833488000,0.02519678044663847,39.39394669172294
TAYD,2016-11-30,Q2,1148114,31535072,37653078,13563178,0.1456301098662467,-16.1486507602814
EBTC,2016-12-31,FY,18751000,214786000,2526269000,92315000,0.08730084828620115,-11.305027928075814
HSII,2016-12-31,FY,15413000,258590000,581502000,582390000,0.05960400634208593,1.4462746408549336
QBAK,2016-12-31,FY,-1210000,4839000,7263000,9417000,-0.25005166356685266,206.56932807640672
KOSS,2016-12-31,Q2,224323,18587562,24118184,13036503,0.048273786524558736,34.93449631627672
ARES,2016-12-31,FY,286901000,292851000,5829712000,1199205000,0.9796825006573309,7.238608091596917
IPAS,2016-12-31,FY,-7770000,18630000,33175000,63222000,-0.4170692431561997,-68.29878047149427
WSCI,2016-11-27,Q1,-322363,13682922,24709453,6329941,-0.09423805821592786,5.000003178914389
CAPR,2016-12-31,FY,-18806776,-4003154,18747355,3998618,4.697989635172666,-38.03921493829465
FKWL,2016-12-31,Q2,736630,17954947,31598613,27057436,0.16410630451874908,-30.27211182252835
AA,2016-12-31,FY,-346000000,5654000000,16741000000,9318000000,-0.06119561372479661,86.85396834701017
UNIR,2017-01-01,FY,7379462,16900147,58668497,100377278,0.43665075812654175,-55.39236375224817
TFSL,2016-12-31,Q1,19610000,1665333000,13189875000,98214000,0.04710169077295652,-21.49238548967792
FALC,2016-12-31,FY,-10998794,-21702577,17280745,10116897,0.5067966813342029,-67.3913043478261
FDX,2017-02-28,Q3,1977000000,15184000000,46781000000,44591000000,0.5208113804004215,28.89419162613641
AKAM,2016-12-31,FY,316132000,3224370000,4373146000,2340049000,0.09804457925114053,-3.7442634167877165
TAYD,2016-11-30,Q2,1148114,31535072,37653078,13563178,0.1456301098662467,-16.1486507602814
FCX,2016-12-31,FY,-4025000000,6051000000,37317000000,14830000000,-0.66517930920509,37.59070719796431
CUZ,2016-12-31,FY,80104000,2455557000,4171607000,259211000,0.03262151927240948,8.568069284211498
BUKS,2017-01-31,Q3,1233000,22555000,40924000,22407000,0.21866548437153624,-13.793100967701989
APLE,2016-12-31,FY,144652000,3517064000,4979883000,1041025000,0.04112862319252649,-2.968819897582641
PODD,2016-12-31,FY,-28879000,63150000,456647000,366989000,-0.45730799683293744,84.73896337052979
DAL,2016-12-31,FY,4373000000,12287000000,51261000000,39639000000,0.3559046146333523,13.177042275835458
LOPE,2016-12-31,FY,148514000,773686000,1092493000,873344000,0.19195642676744828,53.35730925190835
BLGO,2016-12-31,FY,-8074335,-1325167,2112726,226106,6.093069779129725,-53.01204897146439
VTNR,2016-12-31,FY,-3950642,41126222,86985968,98078914,-0.09606138876554234,-28.030306793222376
LFVN,2016-12-31,Q2,1463000,14511000,46515000,103841000,0.40328027013989387,-40.276030687732614
ECYT,2016-12-31,FY,-43887573,137147363,143494354,70000,-0.3200030393584746,63.984688959200554
HEAR,2016-12-31,FY,-87182000,-20696000,94800000,173978000,4.212504831851565,-65.15384417878093
CGNX,2016-12-31,FY,149572000,962599000,1038604000,520753000,0.1553834982168068,93.33017039644213
GMED,2016-12-31,FY,104341000,832078000,927637000,563994000,0.12539809969738414,65.79264605181156
ITEX,2017-01-31,Q2,314000,7697000,9072000,5363000,0.16318045991944913,1.6438340058043492
PG,2016-12-31,Q2,10653000000,53744000000,117033000000,33374000000,0.7928699017564751,9.121140835547397
COMM,2016-12-31,FY,222838000,1394084000,7141986000,4923621000,0.15984546124910695,3.050947356345106
PRTS,2016-12-31,FY,-603000,22853000,82134000,303571000,-0.026386032468384894,-27.58620784153221
DRRX,2016-12-31,FY,-34509000,8338000,40508000,1880000,-4.138762293115855,-31.343283050972186
PKE,2016-11-27,Q3,6806000,182157000,310044000,87010000,0.14945349341502112,5.454537480215084
EVR,2016-12-31,FY,148512000,527298000,1662346000,1456790000,0.2816471900139959,29.2175133213169
TRS,2016-12-31,FY,-39800000,499720000,1051650000,794020000,-0.07964460097654687,12.869194678803305
CFFN,2016-12-31,Q1,20578000,1368175000,9139510000,75322000,0.06016189449449084,-19.604318932470257
MFA,2016-12-31,FY,312668000,3033902000,12484022000,457169000,0.10305804208573645,2.0618536429497536
OPK,2016-12-31,FY,-25083000,2091808000,2766619000,1012129000,-0.011991062277226208,-46.094609316674
LIVE,2016-12-31,Q1,1428573,29009849,120337967,32188664,0.1969776540374271,-31.738574769777884
CRVW,2016-12-31,FY,-18665759,-42149194,21455924,5973985,0.44284972566735203,-57.14285828325213
SLGD,2016-12-31,FY,1854500,16241800,21833300,35228400,0.11418069425802559,85.89744882941058
UWN,2017-01-31,Q3,-632596,33391701,52511929,54826922,-0.07577882899706127,37.060908926645624
BRBL,2016-12-31,Q3,-33110,-79271,1621,63387,1.6707244767947926,-87.5
TTI,2016-12-31,FY,-239393000,233523000,1315540000,249558000,-1.0251367103026254,-16.764134782249016
GTLS,2016-12-31,FY,24697000,697265000,1233082000,859154000,0.035419818863703184,26.888708971345665
FLEX,2016-12-31,Q3,232690000,2599895000,12803049000,18000337000,0.35799907303948814,24.930557275627912
FMBH,2016-12-31,FY,21840000,280673000,2884535000,75496000,0.07781297096621335,15.909777189555921
FWDG,2016-12-31,Q3,-554412,54967735,56159781,0,-0.04034454030168789,0.0
NYMT,2016-12-31,FY,67551000,848075000,8951631000,319306000,0.07965215340624356,-6.938160334945374
VRTC,2016-12-31,Q2,-284920,-3501842,186774,159540,0.3254515766273864,-70.00000111758708
CHDN,2016-12-31,FY,108100000,685000000,2254400000,1308600000,0.15781021897810218,56.48957748750847
EWD,2016-12-31,FY,-1268000,147496000,188547000,17871000,-0.008596843304225199,17.179402586504487
BBRG,2016-12-25,FY,-74715000,-21530000,166762000,410254000,3.4702740362285183,-31.645569238233335
CPF,2016-12-31,FY,46992000,504650000,5384236000,167139000,0.0931180025760428,-4.299005932974043
ICLD,2016-12-31,FY,-26472000,-16386000,54569000,78000000,1.6155254485536434,-97.74999991059303
BRID,2016-10-28,FY,7770000,38909000,87254000,140063000,0.1996967282633838,8.305080732166473
ELST,2016-12-31,FY,-140696,2545769,2588103,1489889,-0.0552666011723766,36.842101960961465
MEEC,2016-12-31,FY,-16883015,-4971244,15877722,28920051,3.3961348507536546,-81.48148180853028
JOUT,2016-12-30,Q1,4056000,206836000,316467000,93729000,0.07843895646792629,56.43739556797327
HYSR,2016-12-31,Q2,620779,-6935719,121723,0,-0.35801854140861245,-50.0
ENPH,2016-12-31,FY,-67462000,1300000,163576000,322591000,-51.893846153846155,129.5238281215408
SHBI,2016-12-31,FY,9638000,154299000,1160271000,40652000,0.06246313974815132,7.8811450696391745
DVAX,2016-12-31,FY,-112444000,89201000,109680000,9778000,-1.2605688277037252,361.728392154628
FMAO,2016-12-31,FY,11664000,125577000,1055895000,37727000,0.09288325091378198,133.14285278320312
WHSI,2016-12-31,Q2,-3901228,-1405515,399638,455265,11.102629285350922,-70.00000111758708
XTNT,2016-12-31,FY,-19493552,-7073297,144101605,89388145,2.755935739726467,1.7857197342682936
ACNB,2016-12-31,FY,10869000,120061000,1206320000,40500000,0.09052898110127353,-6.041340158305688
KEX,2016-12-31,FY,142804000,2409318000,4303499000,1770673000,0.059271544893617197,0.8301932856721699
CPTP,2016-12-31,FY,1825000,7071000,23630000,5118000,0.25809645028991657,7.615382854755108
IGXT,2016-12-31,FY,-1180000,4945000,12790000,5220000,-0.23862487360970677,-3.6585331282255105
BDMS,2016-12-31,FY,-1385902,430285,18677571,61762294,-3.2208931289726577,-60.29411764705882
HALL,2016-12-31,FY,6526000,265736000,1162460000,4977000,0.024558208146431046,-12.205386891852822
SUPN,2016-03-31,Q1,4825000,97109000,194474000,43025000,0.1987457393238526,104.91803278688525
RGLS,2016-12-31,FY,-81836000,56075000,100661000,1194000,-1.459402585822559,-54.78260758994282
CAL,2017-01-28,FY,66086000,613117000,1475273000,2579388000,0.10778693136872734,4.900970257143113
LBAI,2016-12-31,FY,41518000,550044000,5093131000,163296000,0.07548123422853445,0.26041268267581136
TRMB,2016-12-30,FY,132200000,2305800000,3673800000,1562000000,0.057333680284499956,34.79270283197941
AMG,2016-12-31,FY,739000000,3619600000,8749100000,2194600000,0.204166206210631,40.78469679134204
PROV,2016-12-31,Q2,3098000,132555000,1192155000,21607000,0.09348572290747237,-8.503236896676528
DUK,2016-12-31,FY,2170000000,41033000000,132761000000,22743000000,0.0528842638851656,8.207895250076387
CKX,2016-12-31,FY,170674,13986948,14418324,863402,0.012202376100919229,-8.699545708884534
IBKR,2016-12-31,FY,699000000,974000000,54673000000,1475000000,0.7176591375770021,59.63871351006554
ROYL,2016-12-31,FY,-4144462,-4513072,8382284,1213839,0.9183239265848185,-40.0
MSN,2016-12-31,Q3,559000,57771000,59009000,14079000,0.03870454034030915,41.747580456435024
LNCE,2016-12-31,FY,14703000,1856633000,3834076000,2109227000,0.007919174117878978,30.145536452218487
BRKL,2016-12-31,FY,55224000,695544000,6438129000,239648000,0.07939684620958559,-5.135948440964273
VALU,2017-01-31,Q3,9283000,38395000,86966000,25818000,0.9671050918088293,16.523230696165825
MOD,2016-12-31,Q3,6800000,397800000,1392900000,1014700000,0.06837606837606838,32.89474352905303
OCLR,2016-12-31,Q2,33618000,408251000,551220000,289406000,0.3293855985655883,-19.952497505382823
TROX,2016-12-31,FY,-58000000,1017000000,4950000000,2093000000,-0.05703048180924287,84.27672972141829
MKTX,2016-12-31,FY,126172000,468013000,528042000,369919000,0.2695908019649027,34.338799999512304
QUAD,2016-12-31,FY,44900000,441500000,2570100000,3717100000,0.10169875424688561,-12.164785139730155
KBR,2016-12-31,FY,-51000000,757000000,4144000000,4268000000,-0.06737120211360634,14.756939442897481
AROC,2016-09-30,Q3,-19164000,745493000,2525419000,613289000,-0.10282591519974031,-4.051985749714153
AEIS,2016-12-31,FY,127454000,392074000,571529000,410580000,0.3250763886409198,23.138693971546118
KFFB,2016-12-31,Q2,551000,67461000,305846000,5600000,0.032670728272631594,-2.1857903563198384
INBP,2016-12-31,Q2,572000,-7730000,14998000,25053000,-0.29598965071151356,-18.181814487315386
PHX,2016-12-31,Q1,-2238392,111492168,196522699,8899218,-0.0803066992113742,-13.29114525095154
EVHC,2016-12-31,FY,205500000,6731100000,16708900000,3696000000,0.03052992824352632,-45.41146639767558
KRO,2016-12-31,FY,43300000,395000000,1179600000,1364300000,0.10962025316455697,113.15136586038462
GWRE,2017-01-31,Q2,-3884000,817699000,951914000,209748000,-0.018999656352765504,51.82494585943894
CHD,2016-12-31,FY,459000000,1977900000,4354100000,3493100000,0.232064310632489,13.148394218075246
SPWR,2017-01-01,FY,-543844000,1007832000,4567167000,2559562000,-0.539617714063455,23.065703082680745
DLX,2016-12-31,FY,229382000,880970000,2184338000,1472882000,0.26037436008036596,6.870646324303165
SBSI,2016-12-31,FY,49349000,518274000,5563767000,168913000,0.09521797350436256,-8.178060935835996
VRNT,2017-01-31,FY,-26246000,1006580000,2362784000,378504000,-0.02607443024896183,11.378853680074446
IFF,2016-12-31,FY,405031000,1626244000,4016984000,3116350000,0.24905918177100114,30.246652722743878
FTEK,2016-12-31,FY,-17388000,43392000,57788000,55161000,-0.4007190265486726,-6.666669978035689
LIVN,2016-12-31,FY,-62789000,1706909000,2342631000,1213925000,-0.036785206475564894,76.3459812601733
LTRX,2016-12-31,Q2,-63000,20106000,29047000,22162000,-0.012533572068039392,20.23809785678011
GIFI,2016-12-31,FY,3515000,263032000,322408000,286326000,0.013363393047233796,7.011952996547242
LEU,2016-12-31,Q4,-67000000,-236100000,713500000,311300000,1.135112240576027,-47.167323474761936
XOM,2016-12-31,FY,8375000000,167325000000,330314000000,226094000000,0.05005229344090841,-7.976675155336959
AMSWA,2017-01-31,Q3,4343000,95073000,136973000,36385000,0.182722749886929,22.02097683525944
DDS,2017-01-28,FY,169220000,1717417000,3888136000,6256971000,0.09853169032331693,23.87524552113249
BOTJ,2016-12-31,FY,3286000,49421000,574195000,21568000,0.06648995366342243,-1.7763175239523143
DGLY,2016-12-31,FY,-12710688,7756272,18835096,15014647,-1.6387625395292997,-36.904761904761905
BANF,2016-12-31,FY,70674000,711094000,7018952000,218569000,0.0993877040166279,10.95445383711391
STN,2016-12-31,FY,169899000,620787000,3269967000,1452427000,0.2736832440112309,9.823182416719316
SYEV,2016-11-30,Q3,-877041,4290858,4825640,2885212,-0.8175903280882285,-20.558798501631735
GOGO,2016-12-31,FY,-124505000,-40393000,1246196000,514293000,3.082340999678162,17.99162382697316
PDFS,2016-12-31,FY,9103000,198803000,222329000,107461000,0.045789047448982156,-30.160141775059447
WBS,2016-12-31,FY,207127000,2527012000,26072529000,821913000,0.0819651825950965,3.9230179422066316
UE,2016-12-31,FY,96630000,496117000,1904138000,325976000,0.19477260404299793,-7.544432160790114
RUN,2016-12-31,FY,-303301000,672961000,3572818000,285481000,-0.45069625134294555,5.545615998525984
OCC,2017-01-31,Q1,-615767,24271269,40116272,14606252,-0.10148080844062995,-26.605501242620143
ADES,2016-12-31,FY,97678000,76165000,107296000,3025000,1.28245257007812,1.2578604406595149
NRG,2016-12-31,FY,81000000,340000000,4860000000,1862000000,0.23823529411764705,131.54470813495809
ANSS,2016-12-31,FY,265636000,2208405000,2800526000,988465000,0.1202840964406438,58.10390867741276
TDS,2016-12-31,FY,52000000,4144000000,9446000000,3999000000,0.012548262548262547,-8.552632941103395
QNBC,2016-12-31,FY,8924000,93567000,1063141000,33237000,0.09537550632167324,24.02235327400662
EHTH,2016-12-31,FY,-4882000,77601000,108899000,186960000,-0.06291156041803585,64.64455474122116
BLSP,2016-12-31,FY,-1801000,-2224000,16521000,588000,0.8098021582733813,-73.17714891491902
SXC,2016-12-31,FY,121400000,739300000,1696000000,779700000,0.16420938725821724,6.106190873775804
PAHC,2016-12-31,Q2,25594000,112613000,592285000,379585000,0.9090957527106107,13.175674217125218
FMCC,2016-12-31,FY,7815000000,5075000000,2023376000000,65165000000,1.5399014778325124,-34.883719497514655
SCND,2016-12-31,Q2,-3400,5878000,7244800,4242900,-0.0023137121469887717,8.333333333333332
HUBS,2016-12-31,FY,-45562000,118700000,259755000,270967000,-0.38384161752316764,84.74400072068681
MACK,2016-12-31,FY,-153518000,-251120000,81483000,53064000,0.611333227142402,-74.37499905303116
DAR,2016-12-31,FY,107224000,1972994000,4698017000,3398115000,0.054345831766340905,35.29850505141372
SMMF,2016-12-31,FY,17297000,155360000,1758647000,64091000,0.1113349639546859,-2.6627263177704785
UBSI,2016-12-31,FY,147083000,2235747000,14508892000,470341000,0.06578696068920142,-24.62038796051714
ATLO,2016-12-31,FY,15734776,165105243,1366453029,44046039,0.09530149203075278,-15.733733663024758
DMRC,2016-12-31,FY,-21672000,73334000,78736000,12667000,-0.295524586140126,21.92243504545054
MRTN,2016-12-31,FY,33464000,437338000,653748000,671144000,0.07651747618546753,43.05848594222568
DXYN,2016-12-31,FY,-5278000,87122000,268987000,397453000,-0.06058171300016069,-2.53164916060666
PHM,2016-12-31,FY,602703000,4659363000,10178200000,181126000,0.1293530896820016,79.24529039101368
LEN,2016-11-30,FY,913091000,7026042000,15361781000,10949999000,0.12995809020213656,48.65316613525811
CREX,2016-12-31,FY,-5910000,1976000,24419000,13673000,-2.9908906882591095,27.999996609157986
EL,2016-12-31,Q2,726000000,3793000000,11212000000,6073000000,0.7656208805694701,64.54156840931519
ADMT,2016-12-31,Q3,907503,3317043,4414426,3914281,1.094351806714595,0.0
ABT,2016-12-31,FY,1400000000,20538000000,52666000000,20853000000,0.0681663258350375,46.14596878317407
FUL,2016-12-03,FY,124382000,937876000,2058254000,2094605000,0.13262094349359616,18.177959960827458
TYL,2016-12-31,FY,109857000,915525000,1357945000,756043000,0.11999344638322273,22.29743581311573
NX,2017-01-31,Q1,-3726000,368281000,750320000,195096000,-0.04046909832437731,3.79746835443038
NGVT,2016-12-31,FY,44400000,127000000,832800000,908300000,0.34960629921259845,32.51222417508069
USAC,2016-12-31,FY,-1285773,11380983,19191989,6586873,-0.11297556634607046,-4.997121996035432
SHW,2016-12-31,FY,1132703000,1878441000,6752521000,11855602000,0.603001638060498,49.35527255228834
ECPN,2016-09-30,FY,-4507737,1205086,3223716,2950,-3.740593617384983,-52.530934576024244
DHR,2016-12-31,FY,2553700000,23002800000,45295300000,16882400000,0.11101691967934338,17.821781745582648
IRIX,2016-12-31,FY,-11713000,39160000,48144000,46158000,-0.29910623084780386,-44.9819518001308
NGS,2016-12-31,FY,6469000,232954000,293524000,13621000,0.027769430874764973,-17.868335184179028
SYNA,2016-12-31,Q2,26500000,740300000,1302500000,847500000,0.14318519519113873,-28.435768421566348
MTB,2016-12-31,FY,1315114000,16486622000,123449206000,3895871000,0.07976855416470396,9.091488771589642
GTY,2016-12-31,FY,38411000,430918000,877306000,115266000,0.08913760854733384,5.516705862162715
ACAN,2016-09-30,FY,-2210764,609016,4370366,60000,-3.6300589803880356,206.4516067008695
PBYA,2016-10-31,FY,-566783,-1229324,1028028,3089974,0.46105257849029224,-24.99999813735488
UVSP,2016-12-31,FY,19505000,505209000,4230528000,126607000,0.03860778410519211,-9.076178637881057
FELE,2016-12-31,FY,79315000,613445000,1039905000,949856000,0.12929439477051732,15.762924992375416
CFBK,2016-12-31,FY,1627000,39292000,436112000,14409000,0.04140792018731548,63.69047490613799
KLIC,2016-12-31,Q1,15583000,820469000,992760000,149639000,0.07597118233595664,49.69249575626665
CW,2016-12-31,FY,187329000,1291191000,3037781000,1714358000,0.1450823309642028,23.718145108159007
RWLK,2016-12-31,FY,-32503000,8260000,31763000,5869000,-3.93498789346247,-63.33333333333333
BERY,2016-12-31,Q1,51000000,246000000,7511000000,1502000000,0.8292682926829268,18.837349479978016
NURO,2016-12-31,FY,-14913151,4960764,8283891,12027528,-3.0062206144053616,-69.96527830667704
USAC,2016-12-31,FY,-1285773,11380983,19191989,6586873,-0.11297556634607046,-4.997121996035432
SPLY,2016-06-30,Q2,-328298,-708561,340,0,1.8533224380116884,41.42857519947759
CYCC,2016-12-31,FY,-11791000,14273000,19662000,843000,-0.8261052336579556,-68.19012797074954
MSPC,2015-12-31,FY,-10194726,-7628426,5232536,214171,1.3364127803035646,-98.75000009094947
NR,2016-12-31,FY,-40712000,500543000,798183000,471496000,-0.08133566946296322,11.688319409068699
FCBC,2016-12-31,FY,25126000,339057000,2386398000,94724000,0.07410553387778455,-4.551497747079111
ZIVO,2016-12-31,FY,-6059627,-13621235,737292,0,0.4448661960534416,-25.0
SNX,2016-11-30,FY,235005000,1975776000,5223263000,12490427000,0.11894313930324085,16.64527486571718
HSON,2016-12-31,FY,-8790000,41885000,101812000,422744000,-0.2098603318610481,58.45070635366717
SOFO,2016-12-31,Q1,-1509000,4388000,29408000,3681000,-1.3755697356426617,-33.84615682890518
MU,2016-12-01,Q1,180000000,12320000000,27836000000,3970000000,0.05844155844155844,129.38311926234323
SNWV,2016-12-31,FY,-6439040,-6911600,1004870,1376063,0.9316279877307715,39.400918395629084
SFNC,2016-12-31,FY,96814000,1151111000,8400056000,301005000,0.08410483437305351,-8.8587436816985
AGTK,2016-12-31,FY,-2977889,-2596613,194134,3228,1.1468358973786237,13.846155313345102
AMRN,2016-12-31,FY,-86350000,-9058000,166999000,128966000,9.533009494369619,29.773473795058315
JNPR,2016-12-31,FY,592700000,4962500000,9656500000,3528900000,0.11943576826196474,-0.3496516787968925
SCYX,2016-12-31,FY,-29989000,34819000,59792000,257000,-0.8612826330451765,-31.764703638413373
MHLD,2016-12-31,FY,48138000,1360797000,6252299000,2731633000,0.03537485752834552,-63.02521140848771
SWKS,2016-12-30,Q1,257800000,3660300000,4065700000,914300000,0.2817255416222714,27.1765232934621
EML,2016-12-31,FY,7785323,82467514,124198396,137608258,0.09440472523519988,29.77667550168239
SSNC,2016-12-31,FY,130996000,2258578000,5706971000,1481436000,0.0579993252391549,40.21475014030937
AROC,2015-12-31,FY,-125697000,733910000,2706763000,998108000,-0.17127031924895422,77.52660126768934
INRD,2016-12-31,FY,-605085,2182098,6734632,9766525,-0.27729506190831027,138.88887233204377
GLYC,2016-12-31,FY,-31809838,35301131,42388327,18500,-0.9010996843132306,167.78310951519805
IMCI,2016-12-31,FY,-325000,-3992842,442053,7413366,0.08139565752914842,-51.111111817536525
TTD,2016-12-31,FY,20482000,164380000,537596000,202926000,0.12460153303321572,69.8106134953411
HMN,2016-12-31,FY,83765000,1293982000,10576824000,1128910000,0.0647342853300896,2.797195584056807
RYAM,2016-12-31,FY,73286000,211749000,1421939000,868731000,0.34609844674591145,29.75888620523434
PBSK,2016-12-31,FY,1795000,68701000,458465000,19104000,0.02612771284260782,11.702132192657642
GDDY,2016-12-31,FY,-21900000,562500000,3786900000,1847900000,-0.038933333333333334,40.76146993565849
NEO,2016-12-31,FY,-5723000,163723000,337118000,244083000,-0.0349553819561088,2.6651163289263557
EDIT,2016-12-31,FY,-97183000,134607000,229182000,6053000,-0.7219758259228718,80.34036321109737
AWH,2016-12-31,FY,255300000,3551800000,13179000000,2576400000,0.0718790472436511,75.45455007842092
RDI,2016-12-31,FY,9417000,142197000,405766000,270473000,0.0662250258444271,0.11990681893132675
SJG,2016-12-31,FY,69045000,839900000,2551923000,461055000,0.08220621502559829,0.0
XFTB,2016-12-31,Q2,-1052688,-3248293,1260132,1394192,1.2962968549943001,-94.0000000372529
NOBH,2017-02-04,Q1,703323,45498192,50918917,8573400,0.061833050420992554,31.68253822932168
CETX,2016-12-31,Q1,1405693,18387657,51918785,29397257,0.30579056374610425,-68.3354050264807
FE,2016-12-31,FY,-6177000000,6241000000,43148000000,14562000000,-0.9897452331357154,-1.0662355915066968
CPIX,2016-12-31,FY,-1003938,73248199,93404566,32478185,-0.013705975214489574,25.597269041364484
BIG,2017-01-28,FY,152828000,650630000,1607707000,5200439000,0.23489233512134391,30.292419004261916
SLB,2016-12-31,FY,-1627000000,41078000000,77956000000,20859000000,-0.03960757583134525,-20.530663957032118
TWLO,2016-12-31,FY,-41324000,329447000,412694000,277335000,-0.12543444013756386,-10.943394786906692
CRVP,2016-10-31,FY,1201830,5158360,37929529,65342904,0.2329868407788522,-15.47619039171677
HD,2017-01-29,FY,7957000000,4333000000,42966000000,94595000000,1.836372028617586,49.65696100286839
STC,2016-12-31,FY,68421000,641200000,1341724000,2006640000,0.1067077354959451,-6.643129651293238
SANW,2016-12-31,Q2,-2058198,69726557,141342536,36475317,-0.1180725444395598,-17.89473483436986
CAVM,2016-12-31,FY,-147209000,741844000,1650531000,603314000,-0.1984365985301492,32.8315655527098
HP,2016-12-31,Q1,-35063000,4475915000,6677637000,368590000,-0.03133482204197354,-17.927885174709353
LOB,2016-12-31,FY,13764000,222847000,1755261000,57272000,0.06176434953129277,31.404963541266568
CCS,2016-12-31,FY,49540000,473636000,1007528000,994440000,0.10459508990026097,46.35294297162224
PEGA,2016-12-31,FY,26986000,335889000,654656000,750266000,0.08034201774991143,30.97222646077474
GBCI,2016-12-31,FY,121131000,1116869000,9450600000,344153000,0.10845587083176272,8.33332983617785
NNI,2016-12-31,Q4,257501000,2061655000,27180108000,760746000,0.4996005636248548,6.307005777197393
STE,2016-12-31,Q3,84566000,2758678000,4886946000,866226000,0.12261815260787957,28.217531010770617
LCLP,2016-12-31,Q2,3537865,-5251880,104161,86176,-2.69455128449241,-98.41269830026235
RMTI,2016-12-31,FY,-19802916,52956299,83153638,53284166,-0.3739482625098102,-9.627329259440353
LSTR,2016-12-31,FY,137350000,542557000,1096591000,3167634000,0.2531531249251231,21.470247585879655
PTRC,2017-01-31,Q3,-2463336,16114361,32104123,7117,-0.611463526229802,40.000004146410156
GM,2016-12-31,FY,9268000000,43836000000,221690000000,156849000000,0.21142440003649968,16.614508958949084
ABUS,2016-12-31,FY,-384164000,203005000,275919000,229000,-1.8923868870224871,102.00000762939455
STJO,2015-12-31,FY,-135889,-812806,0,0,0.16718503554353684,-67.64705933914053
ORCL,2017-02-28,Q3,6103000000,50615000000,125382000000,2464000000,0.48230761631927294,19.11246621386506
ZTS,2016-12-31,FY,819000000,1487000000,7649000000,4888000000,0.550773369199731,34.42806626312071
JRVR,2016-12-31,FY,74471000,693221000,2346533000,586227000,0.10742750147499859,-4.579065036175485
SBFG,2016-12-31,FY,8784000,86548000,816005000,29051000,0.10149281323658547,16.07030652241747
FNLC,2016-12-31,FY,18009000,172521000,1712875000,53759000,0.1043872919818457,-15.197760745423434
STN,2016-12-31,FY,155775000,349748000,3526155000,1452427000,0.4453921108912703,9.823182416719316
INTX,2016-12-31,FY,-30469000,7367000,52857000,175628000,-4.13587620469662,-43.640901210286366
SPOK,2016-12-31,FY,13979000,322087000,388087000,179561000,0.043401317035459366,-27.54629934193824
APVO,2016-12-31,FY,-112415000,50566000,91858000,36254000,-2.223134121741882,69.60000570718344
MOV,2017-01-31,FY,35139000,473993000,607802000,552752000,0.07413400619840377,16.02210107767658
FBK,2016-12-31,FY,40591000,330498000,3276881000,120494000,0.12281768724772918,61.12817551413696
MFON,2016-12-31,FY,-9514461,2129164,5152358,8432616,-4.468636986159826,34.8314681990463
CRIS,2016-12-31,FY,-60411000,29266000,57752000,7527000,-2.064204195995353,-78.39506274588018
INUV,2016-12-31,FY,-772584,11525792,27561139,71530102,-0.06703088169559193,-48.7341784567543
EIG,2016-12-31,FY,106700000,840600000,3773400000,779800000,0.12693314299310016,10.447762893605343
PLXS,2016-12-31,Q1,28179000,927542000,1756179000,635019000,0.12152118179015074,12.569526819818917
BMS,2016-12-31,FY,236200000,1259700000,3715700000,4004400000,0.18750496149876955,-1.7273290852108276
APH,2016-12-31,FY,832600000,3674900000,8498700000,6286400000,0.2265639881357316,30.209109675798825
NVRO,2016-12-31,FY,-31778000,249034000,430583000,228504000,-0.12760506597492713,-8.154845553728416
HMST,2016-12-31,FY,58151000,629284000,6243700000,209537000,0.09240819725275075,-8.530802174196676
TRN,2016-12-31,FY,364700000,3918500000,9125300000,4588300000,0.09307132831440602,33.64252630687504
BLBD,2016-12-31,Q1,-8523000,-93118000,257826000,136660000,0.3661161107412101,28.387094313098537
DECK,2016-12-31,Q3,21414000,970498000,1369305000,1420682000,0.08825984185438816,39.540953472697915
FULT,2016-12-31,FY,161625000,2121115000,18944247000,603100000,0.07619813164302737,-5.29100539779674
AVGR,2016-12-31,FY,-56128000,4241000,53557000,19214000,-13.23461447771752,-95.14666666666668
INTZ,2016-12-31,FY,-1552000,-3402000,1277000,6102000,0.45620223398001175,190.69766958318195
SABR,2016-12-31,FY,246939000,625615000,5724570000,3373387000,0.39471400142260016,-17.305368120580745
BUSE,2016-12-31,FY,49694000,594314000,5425170000,164889000,0.08361573175122915,-2.792203650343354
CFR,2016-12-31,FY,304261000,3002528000,30196319000,788412000,0.10133494175574716,8.419241944085016
CSX,2016-12-30,FY,1714000000,11694000000,35414000000,11069000000,0.14657089105524201,53.10324223235901
BGNE,2016-12-31,FY,-119217000,352907000,405813000,1070000,-0.337814211676164,214.71820812177938
FFC,2016-12-31,FY,1043601,211738370,673984714,158229011,0.004928728789212839,4.601225169240628
EXC,2016-12-31,FY,1204000000,25837000000,114904000000,31360000000,0.04659983744242752,11.992040155768196
DY,2017-01-28,Q2,74713000,615072000,1766443000,1500355000,0.48588132771447895,48.53088085786615
D,2016-12-31,FY,57200000,657600000,2500000000,921300000,0.08698296836982969,6.308193519467213
CFFI,2016-12-31,FY,13459000,139214000,1451992000,89439000,0.09667849497895327,20.207253886010363
PMCB,2017-01-31,Q3,-3288663,7036676,7614943,0,-1.869441196383065,-34.58515440028297
APAM,2016-12-31,FY,173001000,131711000,936166000,720859000,1.3134893820561684,28.664491916507583
TRV,2016-12-31,FY,3014000000,23221000000,100245000000,27625000000,0.12979630506868783,12.191892206564118
CSPI,2016-09-30,FY,2604000,17655000,48707000,77835000,0.14749362786745965,8.01564697156652
FDBC,2016-12-31,FY,7693000,80631000,792944000,27495000,0.09540995398792028,71.60663868253464
ISBA,2016-12-31,FY,13799000,187899000,1732151000,53666000,0.07343838977322924,1.4362643197535363
ASYS,2016-12-31,Q1,-332000,66480000,115918000,29135000,-0.019975932611311673,142.0673092353274
CVEO,2016-12-31,FY,-95827000,475467000,910446000,378585000,-0.20154290413425116,18.181815054196708
SUWN,2016-10-31,Q2,-1744580,15187581,29637774,9834486,-0.45947540954678695,-9.090907243657693
V,2016-12-31,Q1,2070000000,31726000000,63370000000,4461000000,0.2609846813339217,43.421379425240765
BPOP,2016-12-31,FY,216691000,5197957000,38661609000,1634573000,0.041687724619499544,-18.824335115386738
CMA,2016-12-31,FY,477000000,7796000000,72978000000,1909000000,0.06118522319138019,25.884568896608755
ELTP,2016-12-31,Q3,7001375,26046529,36199669,8287493,1.0752104435873202,-40.0
LGIH,2016-12-31,FY,75031000,355201000,814514000,838320000,0.21123532872936732,160.61131084865949
EXP,2016-12-31,Q3,161968000,1163575000,1973989000,932557000,0.5567943622026943,13.186817960890702
NSYS,2016-12-31,FY,43774,22314788,55516515,116621719,0.0019616587887816813,2.3872656399110426
ARC,2016-03-31,Q1,-2064,-50146,3477,0,0.16463925338013002,-16.666666666666664
STRP,2017-01-31,Q2,-30035000,-12011000,9915000,324000,10.002497710432104,421.4040872564075
RBC,2016-12-31,FY,209300000,2038800000,4358500000,3224500000,0.1026584265254071,35.14380752227477
JNJ,2017-01-01,FY,16540000000,70418000000,141208000000,71890000000,0.2348831264733449,20.61464575081438
BRN,2016-12-31,Q1,2202000,14884000,34324000,1406000,0.5917764041924214,30.817602518299935
BKU,2016-12-31,FY,225741000,2418429000,27880151000,1059217000,0.09334200011660462,8.067942916417028
KE,2016-12-31,Q2,17934000,325801000,523371000,456716000,0.22018348623853212,0.2747210712340189
ATOS,2016-09-30,Q3,-3845235,5414474,6278241,0,-2.840708072473891,-74.76190499617849
STRT,2017-01-01,Q2,4042000,138140000,240602000,199189000,0.11704068336470247,5.7038796859319065
AINC,2016-12-31,FY,-12403000,37377000,129797000,67607000,-0.33183508574791987,115.5272229694451
PCG,2016-12-31,FY,1407000000,17940000000,68598000000,17666000000,0.07842809364548495,-25.74125786943246
BURL,2017-01-28,FY,215873000,-49812000,2574483000,5566038000,-4.333754918493535,56.30818417979056
QRHC,2016-12-31,FY,-8045586,67272208,108069468,183811398,-0.11959747181183647,-1.2875524623216772
ETSY,2016-12-31,FY,-29901000,344757000,581193000,364967000,-0.08673065376482567,72.13805190187783
GD,2016-12-31,FY,2955000000,10976000000,32872000000,19885000000,0.2692237609329446,15.958962945015045
APD,2016-12-31,Q1,306400000,7161500000,15956200000,1882500000,0.17113733156461636,14.42120558910101
PAG,2016-12-31,FY,346400000,1750900000,8861100000,20118500000,0.19784111028613854,-8.526099755461212
TJX,2017-01-28,FY,2298234000,4510599000,12883808000,33183744000,0.5095185805698977,8.738521259723896
TPC,2016-12-31,FY,95822000,1553023000,4038620000,4973076000,0.06170030965413906,-10.739434077564214
UFPT,2016-12-31,FY,7970000,113053000,127934000,146132000,0.07049790806082103,7.9611620856720275
CTSH,2016-12-31,FY,1553000000,10728000000,14262000000,13487000000,0.1447613721103654,25.65462857017899
VMC,2016-12-31,FY,419491000,4572476000,8471475000,3592667000,0.09174263571859098,2.9926153287905466
ACAN,2016-12-31,Q1,-516765,3687583,6926251,15000,-0.5605460270317983,47.12230916114824
FGEN,2016-12-31,FY,-61680000,155838000,469552000,179577000,-0.39579563392754014,122.53522640229082
ORC,2016-12-31,FY,1979000,332779000,3138694000,87127000,0.005946889677533739,-15.405646642322152
EAT,2016-12-28,Q2,57870000,-530586000,1498105000,1486119000,-0.4362723479322862,-20.2589677870098
SYRS,2016-12-31,FY,-47743000,80602000,91323000,317000,-0.5923302151311381,-22.035255871424162
AGEN,2016-12-31,FY,-126995175,-39126266,156985986,147456,3.245778040766783,-21.634622965525256
SUI,2016-12-31,FY,31471000,2295611000,5870776000,833778000,0.01370920421621956,21.870487490568483
GBX,2016-11-30,Q1,47966000,880725000,1817350000,552314000,0.21784779585000993,26.159798261500843
RYN,2016-12-31,FY,217770000,1411610000,2685760000,788278000,0.15427065549266442,17.018121928475484
TRST,2016-12-31,FY,42601000,432686000,4868806000,161359000,0.0984570797298734,3.954802259887006
UAL,2016-12-31,FY,2263000000,8659000000,40140000000,36556000000,0.26134657581706894,-7.302981193033338
REI,2016-12-31,FY,-37637687,290540973,307597399,30850248,-0.12954347406277875,6.269110853265832
AON,2016-12-31,FY,1430000000,5475000000,26615000000,11627000000,0.26118721461187216,19.557457004673072
LII,2016-12-31,FY,277800000,38000000,1760300000,3641600000,7.310526315789474,35.52417322077026
ADC,2016-12-31,FY,45797000,682978000,1111925000,91527000,0.06705486853163645,11.317895792804066
GDEN,2016-12-31,FY,16300000,209426000,419078000,403204000,0.07783178783914127,165.6631540050558
CAPC,2016-12-31,FY,2821088,5149955,9576474,30630368,0.5477888641745413,10.874193597787741
GERN,2016-12-31,FY,-29537000,122380000,130249000,6162000,-0.2413547965353816,-15.492964525556008
THFF,2016-12-31,FY,38413000,414395000,2988527000,109380000,0.09269658176377611,-13.122609556898071
AUBN,2016-12-31,FY,8150000,82177000,831943000,26816000,0.09917616851430448,24.519852147510342
ALOG,2017-01-31,Q2,10046000,542204000,628443000,250582000,0.07411232672573423,7.726979886794133
PROM,2016-12-31,FY,581000,-48161000,46245000,61226000,-0.012063702996200245,2499.999962747096
HAS,2016-12-25,FY,533151000,1862736000,5091366000,5019822000,0.2862193032184915,19.629164581266227
DBE,2016-12-31,FY,21325643,193214737,193340798,366208,0.11037275588352248,7.47040858735727
WERN,2016-12-31,FY,79129000,994787000,1793003000,2008991000,0.07954366110534215,39.53068758608029
STLY,2016-12-31,FY,-5258000,19982000,36521000,44574000,-0.26313682314082676,-6.451615384168391
AN,2016-12-31,FY,430500000,2310300000,10060000000,21609000000,0.18633943643682638,4.159908893137074
PTSI,2016-12-31,FY,11101000,94158000,380066000,432852000,0.11789757641411244,27.518519648799188
PMTS,2016-12-31,FY,5399000,-95273000,264420000,168510000,-0.05666873091012144,-82.52380916050502
WASH,2016-12-31,Q4,46481000,390804000,4381115000,133470000,0.47574743349607473,-4.484304932735426
HEI,2017-01-31,Q1,46265000,1001792000,2031422000,343432000,0.1847289656934773,65.52957604598116
AFAM,2016-12-30,FY,18172000,302789000,658712000,623541000,0.060015390255260266,25.51020496429668
MPW,2016-12-31,FY,225937000,3248378000,6418536000,541137000,0.069553789614386,10.860815725268148
FHRT,2016-10-31,Q2,1723232,-3433256,238185185,2828383,-2.007694153887738,32.88888931274414
ROST,2017-01-28,FY,1117654000,2748017000,5309351000,12866757000,0.40671291334806153,30.692766297840645
CNC,2016-12-31,FY,561000000,5895000000,20197000000,2180000000,0.09516539440203563,73.00633661042272
MDU,2016-12-31,FY,-67258000,2316244000,6284467000,4128828000,-0.029037527997913863,-6.145253564968989
TTNP,2016-12-31,FY,5135000,13191000,18667000,15065000,0.38928057008566447,-71.3978494623656
HRL,2017-01-29,Q1,235303000,4571981000,6366398000,2280227000,0.20586524747150087,-4.438931872158106
UTMD,2016-12-31,FY,12128000,69244000,76584000,39298000,0.1751487493501242,14.005601941584697
CHMG,2016-12-31,FY,10027000,143748000,1657179000,56168000,0.06975401396889,35.492953448228434
PHIL,2016-12-31,Q2,-652713,-6558074,973908,90000,0.3981126166005446,-94.09448850944511
JOE,2016-12-31,FY,15464000,669293000,1027945000,95744000,0.023104977939407703,-5.2493440422536315
LTC,2016-12-31,FY,85115000,740048000,1394896000,161583000,0.1150128099798932,-7.733053955255056
MYE,2016-12-31,FY,1057000,93033000,381684000,558062000,0.011361559876602926,36.36363454480425
NBIX,2016-12-31,FY,-141090000,314877000,365086000,15000000,-0.44807972636934423,100.69838759475442
DHIL,2016-12-31,FY,46594132,139224155,199717861,136103075,0.3346698854088933,-1.796235856036619
MODN,2016-12-31,Q1,-7600000,60401000,101101000,28063000,-0.5033029254482542,80.0
CHSCP,2016-11-30,Q1,208942000,7917851000,18430461000,8048250000,0.10555490372324511,-3.5335640982201855
KEYW,2016-12-31,FY,-25728000,232936000,445453000,288027000,-0.11045093931380293,-50.0
ETBI,2016-09-30,Q3,-2042962,-3779160,493189,93525,2.162345071391526,-92.66666654249032
CORR,2016-12-31,Q4,30991408,406468436,650732571,89250586,0.30498218562781587,7.062781491619321
HLT,2016-12-31,FY,364000000,5899000000,26211000000,11663000000,0.061705373792168165,42.08882205758736
TWX,2016-12-31,FY,3925000000,24335000000,65966000000,29318000000,0.16129032258064516,-5.4671360053087215
QCRH,2016-12-31,FY,27686787,286040799,3301943748,106467735,0.09679313963879677,0.4689260048931876
KANP,2016-12-31,FY,-16785000,75349000,109187000,8393000,-0.22276340760992183,18.46689580546799
MLR,2016-12-31,FY,19922000,184602000,297438000,601119000,0.10791865743599745,-2.272728750528404
SATS,2016-12-31,FY,180692000,3920065000,9008859000,1109597000,0.04609413364319214,16.06278041875685
DLB,2016-12-30,Q1,53574000,1994334000,2330703000,28211000,0.107452412685137,37.198499411672195
NBIO,2016-12-31,Q3,1600782,685675,879590,3000000,9.338430014219565,-28.320002555847168
KHC,2016-12-31,FY,3642000000,57358000000,120480000000,26487000000,0.06349593779420482,-11.16188367339183
LRDC,2016-11-30,Q2,-392202,-1489988,248795,5031443,1.0528997548973549,-50.0
CELZ,2016-12-31,FY,-766072,-157791,322512,0,4.854979054572187,-97.35294117647058
UHAL,2016-12-31,Q3,388876000,2660704000,9287317000,2712996000,0.5846212130323403,2.6148617203282414
FLT,2016-12-31,FY,452385000,3084038000,9626732000,1832000000,0.14668593577640743,33.03145578664151
PWR,2016-12-31,FY,200098000,3342702000,5354059000,7651319000,0.059861154239893355,12.0309389323896
PTN,2016-12-31,Q2,-23082189,-15958005,14468256,0,5.785732991059973,56.36363636363636
FNAM,2016-12-31,FY,-1152024,1841348,6402674,221582,-0.6256416494872235,-71.42857142857143
AAON,2016-12-31,FY,53376000,205898000,256530000,383977000,0.25923515527105656,10.04497854018343
FIZZ,2017-01-28,Q3,77884000,216446000,316794000,614852000,1.4393243580384947,125.12737295238911
ALLY,2016-12-31,FY,1067000000,13317000000,163728000000,5437000000,0.08012315085980326,51.63806833882527
LMFA,2016-12-31,FY,-2370390,4169458,10014773,4899835,-0.5685127419439169,-64.00911161731207
CAT,2016-12-31,FY,-59000000,13213000000,74704000000,35773000000,-0.004465299326420949,67.6561393899098
WWW,2016-12-31,FY,87500000,966500000,2431700000,2494600000,0.09053285049146405,45.57077495924675
GNL,2016-12-31,FY,47577000,1347778000,2891467000,214174000,0.03530032394058962,-13.927226871423324
ONB,2016-12-31,FY,134264000,1814417000,14860237000,447134000,0.07399842483839161,-3.5911580377408434
PARR,2016-12-31,FY,-45835000,368909000,1145433000,1865045000,-0.12424473244079164,28.53333791097005
LNG,2016-12-31,FY,-664793000,-1396425000,23702737000,265405000,0.47606781603022,27.13105570827356
CBU,2016-12-31,FY,103812000,1198100000,8666437000,285187000,0.08664719138636173,-13.110249806551808
BKYI,2016-12-31,FY,-4189704,15452888,17289365,821178,-0.27112757175228347,-30.039525757917673
BWXT,2016-12-31,FY,183612000,150018000,1579815000,1550573000,1.223933128024637,54.23253390042182
FIBK,2016-12-31,FY,95636000,982593000,9063895000,297426000,0.0973302272660196,-6.315791258337902
ZBH,2016-12-31,FY,304600000,9668900000,26684400000,7683900000,0.03150306653290447,16.781188261424997
UFCS,2016-12-31,FY,49904000,941884000,4054758000,1136947000,0.05298316990202615,-7.526879723193375
EOG,2016-12-31,FY,-1096686000,13981581000,29459433000,7650632000,-0.07843791056247501,4.220593691270371
FFIC,2016-12-31,FY,64916000,513853000,6058487000,220997000,0.12633184977026504,-7.625127386155891
RES,2016-12-31,FY,-141246000,806799000,1035452000,728974000,-0.17506962700747025,24.658209264089372
OCFC,2016-12-31,FY,23046000,572038000,5167052000,133425000,0.04028753334568683,-12.324650862514632
RHP,2016-12-31,FY,159366000,367997000,2405753000,1149207000,0.4330633130161387,8.830019924004395
NBR,2016-12-31,FY,-1029607000,3247025000,8187015000,2227839000,-0.31709241536483396,-59.369422962522314
NATH,2016-12-25,Q3,6756000,-67320000,78258000,58012000,-0.4014260249554367,22.716619405319395
CPSS,2016-12-31,FY,29300000,186218000,2410402000,422282000,0.15734246957866588,-18.78669301495169
BKH,2016-12-31,FY,82631000,1614639000,6515444000,1572974000,0.0511761452559984,-0.6774617387821145
FENX,2016-09-30,Q3,-41740000,63398000,127418000,98931000,-2.633521562194391,-81.94444528064876
NSTG,2016-12-31,FY,-47089000,12305000,126373000,69134000,-3.8268183665176756,-66.16847909418907
ALL,2016-12-31,FY,1877000000,20573000000,108610000000,36534000000,0.09123608613230934,41.17567974851902
SMIT,2016-11-30,Q2,-508099,7447707,8591636,5548093,-0.272888823365366,36.196812565353966
AIRG,2016-12-31,FY,3733707,45032402,56063503,43433867,0.08291156665371748,-35.27718107336214
HIVE,2016-12-31,FY,-36911000,28688000,136483000,136570000,-1.2866355270496375,3814.2857264499276
EA,2016-12-31,Q3,401000000,3549000000,7719000000,1753000000,0.4519582981121443,32.70178096303641
PRZM,2016-12-31,FY,-12788000,-512000,16919000,0,24.9765625,-62.32876677375771
MOS,2016-12-31,FY,301200000,9584600000,16840700000,7162800000,0.03142541159777142,-13.10531916439659
WRB,2016-12-31,FY,603485000,5047208000,23364844000,7654184000,0.1195680859596038,7.437398551444617
DPZ,2017-01-01,FY,214678000,-1883143000,716295000,2472628000,-0.11399983962981038,19.32306515886398
OPHC,2016-12-31,FY,-396000,3081000,119703000,4764000,-0.12852969814995133,26.684629674899885
DBA,2016-12-31,FY,-30892189,723229570,723863618,2119605,-0.04271422281586191,-6.012018590343159
NXST,2016-12-31,FY,93100000,169141000,2966085000,1103190000,0.5504283408517154,24.423228077629243
PNBK,2016-12-31,FY,1930000,62570000,756654000,25408000,0.03084545309253636,27.04626433557443
UG,2016-12-31,FY,2581142,13820489,15118575,10776867,0.18676198794413135,19.741101801864254
PFS,2016-12-31,FY,87802000,1251781000,9500465000,302315000,0.07014166215975479,-5.56722752913198
SPXC,2016-12-31,FY,-67600000,191600000,1912500000,1472300000,-0.35281837160751567,29.123817685084415
PSCR,2016-09-30,Q3,81487,-22126,269126,688611,-14.731447166229774,-86.18181892564472
TBTC,2016-12-31,FY,142851,2764425,6980794,5836382,0.0516747605740796,77.77778170236337
QDEL,2016-12-31,FY,-13808000,200630000,388250000,191603000,-0.06882320689827044,107.61494356558927
IDXG,2016-12-31,FY,-8332000,6531000,41778000,13085000,-1.275761751645996,-86.40000025431314
TCS,2016-12-31,Q3,6576000,211367000,780114000,598888000,0.12444705181035828,-26.96456181382102
TRT,2016-12-31,Q2,709000,18627000,30696000,6991000,0.15225210715627852,112.42425242950343
SAVE,2016-12-31,FY,264879000,1394607000,3151927000,2321956000,0.18993092677722112,-21.43983472718901
MMSI,2016-12-31,FY,20121000,498189000,942803000,603838000,0.04038828637324389,64.88549429375178
CZFS,2016-12-31,FY,12638000,123268000,1223018000,43005000,0.10252458058863614,24.0157437366671
CNX,2016-12-31,FY,-839148000,3798395000,9183981000,2026375000,-0.22092173141550575,0.8386001791877916
MXL,2016-12-31,FY,61292000,352424000,422652000,387832000,0.17391551086191634,19.981832547959595
MCBC,2016-12-31,FY,15951000,162239000,1741013000,52499000,0.09831791369522741,-1.7681758328068453
GHC,2016-12-31,FY,169458000,2452941000,4432670000,2481890000,0.06908360209234547,6.63674591678749
INGR,2016-12-31,FY,496000000,2565000000,5782000000,5704000000,0.19337231968810917,11.501041724537716
CRBP,2016-12-31,FY,-19998675,8919235,17888182,1911424,-2.242196219743061,-15.976331360946746
JBT,2016-12-31,FY,67600000,179900000,1187400000,1133100000,0.37576431350750417,29.970678066578078
DWSN,2016-12-31,FY,-39792000,170884000,187666000,133330000,-0.2328597177032373,-37.71930039204172
AET,2016-12-31,FY,2256000000,17881000000,69146000000,63155000000,0.12616744029975951,46.8495642847933
HFWA,2016-12-31,FY,38918000,481763000,3878981000,138512000,0.08078245942507001,18.918917724711264
NFBK,2016-12-31,FY,26130000,621196000,3850094000,124972000,0.042064018441844445,-14.385968568807861
FORR,2016-12-31,FY,17651000,150036000,335785000,326095000,0.117645098509691,1.843316149616992
NTGR,2016-12-31,FY,75851000,796819000,1184456000,1328298000,0.09519225821673429,6.8181785148431056
SFBS,2016-12-31,FY,81479000,522512000,6370448000,212902000,0.15593708852619653,10.342992093910725
CVI,2016-12-31,FY,8900000,858100000,4050200000,4782400000,0.010371751544109077,49.9194905382762
ESRX,2016-12-31,FY,3427600000,16236000000,51744900000,100287500000,0.2111111111111111,7.550429032505947
KTOS,2016-12-25,FY,-60500000,276400000,948600000,348100000,-0.21888567293777134,43.43832636913279
KIM,2016-12-31,FY,386138000,5256139000,11230600000,1170792000,0.07346419111062322,-28.486996774266032
NAVB,2016-12-31,FY,-14309031,-68135123,12461676,17037098,0.2100096157454651,-44.53040170820295
LHO,2016-12-31,FY,253135000,2558065000,3944079000,1227619000,0.09895565593524794,-8.834040726940781
ARPC,2016-06-30,FY,24538,-45194,120312,318591,-0.5429481789618091,-99.06000003218651
CTAS,2016-11-30,Q2,278468000,2025705000,4214579000,2591053000,0.5498688111052695,34.14484971590491
ETN,2016-12-31,FY,1925000000,14897000000,30419000000,19747000000,0.1292206484527086,15.292577766832874
TCNT,2016-11-30,Q3,-29547,-12796,4227,0,9.236323851203501,-12.5000074505803
BKSC,2016-12-31,FY,5247063,40612974,413949636,15295597,0.12919671925528034,-10.186058031228848
CME,2016-12-31,FY,1534100000,20340700000,69369400000,3595200000,0.07542021661004783,27.666084880881076
STBA,2016-12-31,FY,71392000,841956000,6943053000,227774000,0.08479302956449031,2.8948120608328387
ANCX,2016-12-31,FY,16404000,120530000,1430708000,50015000,0.13609889654028043,-1.0660953929192494
CENX,2016-12-31,FY,-252415000,756655000,1540327000,140463000,-0.33359324923512035,129.43923395891468
DLR,2016-12-31,FY,431852000,5096015000,12192585000,2142213000,0.08474307866048275,14.633656226057361
PRI,2016-12-31,FY,219414000,1221374000,11438943000,1519084000,0.1796452192366957,45.1751357857775
AVA,2016-12-31,FY,137316000,1648727000,5309755000,1442483000,0.08328607465032113,29.66507898661811
FENX,2016-06-30,Q2,-39969000,65058000,131570000,66416000,-2.457437978419257,-88.54961881844487
COLB,2016-12-31,FY,104866000,1251012000,9509607000,337969000,0.08382493533235492,-2.447788417848912
ZUMZ,2017-01-28,FY,25904000,307051000,426683000,836268000,0.08436383532377358,14.03061197182379
UUU,2016-12-31,Q3,-1003551,14833704,18181061,10569944,-0.2706137320793242,-54.05405335743294
NBHC,2016-12-31,FY,23060000,536189000,4573046000,160448000,0.043007223199282345,1.4705920968923585
ACOR,2016-12-31,FY,-35603000,664211000,1342335000,493358000,-0.05360194275614225,10.0
FLXS,2016-12-31,Q2,10141000,218462000,262898000,230580000,0.18567988940868435,-23.67433825988812
OVBC,2016-12-31,FY,6920000,104528000,954640000,39348000,0.06620235726312566,46.42987061415243
DBS,2016-12-31,FY,-9833459,24945521,27845076,128449,-0.39419737916077197,2.1585602601659515
PEP,2016-12-31,FY,6379000000,11246000000,74129000000,62799000000,0.5672239018317624,14.591492040533115
ARET,2016-06-30,Q2,-835133,2454862,5424565,461252,-1.360781991003975,-33.33333333333333
ARC,2016-12-31,FY,-47499000,149916000,399577000,358341000,-0.3168374289602177,-52.425375209005466
SUM,2016-12-31,FY,46126000,842044000,2781466000,1223008000,0.05477861014388797,31.790652258989844
XRM,2016-12-31,FY,-21618000,-146905000,541913000,471317000,0.14715632551649024,-24.06416885032864
TXN,2016-12-31,FY,3595000000,10473000000,16431000000,13370000000,0.3432636302874057,41.940744553402546
TDY,2017-01-01,FY,190900000,1554400000,2774400000,2149900000,0.12281266083376223,46.08870475522934
ATNM,2016-12-31,FY,-24321724,18008329,22528886,0,-1.3505819446101857,-27.032964714328774
CCL,2016-11-30,FY,2779000000,22597000000,38936000000,16389000000,0.12298092667168208,27.79614305240931
CHGI,2016-12-31,FY,-207862,-1666194,346648,809909,0.12475257983164026,55.55555003660718
VYEY,2016-12-31,FY,-1906599,-10314051,885675,440803,0.1848545251521444,110.52631843123082
TAP,2016-12-31,FY,1981800000,11418700000,29341500000,6597400000,0.17355741021307153,-16.15242950779881
JACK,2017-01-22,Q1,35929000,-273241000,1258557000,367270000,-0.5259679184309822,-12.200761881658707
BOOM,2016-12-31,FY,-6505000,112409000,162555000,158575000,-0.05786903183908762,55.10835807276766
APA,2016-12-31,FY,-1273000000,6238000000,22519000000,5354000000,-0.20407181789034948,-33.80369703862737
TMP,2016-12-31,FY,59471000,547953000,6236756000,202739000,0.10853303111763235,-14.593177454990977
NVCR,2016-12-31,FY,-131845000,142345000,282081000,82888000,-0.926235554462749,157.32485360947206
SMSI,2016-12-31,FY,-14512000,2504000,14308000,28235000,-5.795527156549521,67.05881379467421
OPVS,2016-12-31,FY,-7065361,-19239725,30033,115400,0.36722775403494595,-39.48664523781041
SCL,2016-12-31,FY,86198000,634604000,1353890000,1766166000,0.13582958821564314,-2.1558640608438315
TRIP,2016-12-31,FY,120000000,1502000000,2238000000,1480000000,0.07989347536617843,-27.467900858977355
SWN,2016-12-31,FY,-2643000000,917000000,7076000000,2436000000,-2.8822246455834244,-44.03209855310297
CHUBA,2016-12-31,FY,9096000,30578000,80020000,100552000,0.2974687683955785,47.18875762213367
EFX,2016-12-31,FY,495100000,2662700000,6664000000,3144900000,0.1859390843880272,-0.7073121860688261
DGL,2016-12-31,FY,161148,192602616,193798351,642744,0.0008366864549752533,10.91445319093434
LUV,2016-12-31,FY,2244000000,8441000000,23286000000,20425000000,0.2658452789953797,30.952376045807505
AEMD,2016-12-31,Q3,-5613421,74525,789597,392073,-301.29062730627305,-71.8905472636816
ASTE,2016-12-31,FY,54988000,647830000,843601000,1147431000,0.08488029266937314,-14.648381647822301
FRT,2016-12-31,FY,258883000,1976733000,5423279000,801591000,0.13096508228475975,-7.384934999045528
PGAS,2016-06-30,Q2,829207,9873734,11399066,11146672,0.3359243828120142,203.7878840559659
RASP,2016-09-30,Q2,-2129719,5381744,8669132,0,-1.582921075398607,766.663752340474
APT,2016-12-31,FY,3168000,32664000,35936000,46176000,0.09698750918442321,26.98412313963502
ORRF,2016-12-31,FY,6628000,134859000,1414504000,41962000,0.049147628263593826,11.725661830975325
OSK,2016-12-31,Q1,19200000,1980300000,4491000000,1211400000,0.03878200272685957,37.17174231715044
MBWM,2016-12-31,FY,31913000,340811000,3082571000,118457000,0.09363840955837693,-5.7302811824300655
OFG,2016-12-31,FY,59186000,920411000,6501824000,356592000,0.06430388163548675,-29.58801985071247
CPS,2016-12-31,FY,140439000,697360000,2491702000,3472891000,0.20138665825398647,17.924531419805536
TAST,2017-01-01,FY,45472000,154656000,490155000,943583000,0.29402027726050073,-18.456376311446228
LPLA,2016-12-31,FY,191931000,820995000,4834926000,4049383000,0.2337785248387627,60.460540326523514
XOMA,2016-12-31,FY,-53530000,-47210000,28677000,2268000,1.1338699428087269,616.2977862570153
CLIR,2016-12-31,FY,-11173000,2244000,3786000,621000,-4.979055258467024,5.882347166332156
LLY,2016-12-31,FY,2737600000,14007700000,38805900000,21222100000,0.1954353676906273,13.21715926545497
FRD,2016-12-31,Q3,-2301726,60733339,63580354,56700015,-0.1515955511683624,-13.546428007134995
TXHG,2016-12-31,Q1,-60657,-1876948,2614660,496916,0.12926729989323094,114.28570288176473
MYRG,2016-12-31,FY,21431000,263174000,573495000,1142487000,0.08143281631164173,-6.416974183751707
HWBK,2016-12-31,FY,7282000,91017000,1287048000,46010000,0.08000703165342739,16.246500703720567
LSCC,2016-12-31,FY,-54099000,270430000,766883000,390704000,-0.20004807158969048,-21.253404773152848
CI,2016-12-31,FY,1843000000,13723000000,59360000000,2966000000,0.1343000801574,49.6389585258202
TMST,2016-12-31,FY,-105500000,597400000,1069900000,869500000,-0.17659859390693003,-4.824564260170718
DGII,2016-12-31,Q1,2357000,302108000,331479000,43173000,0.031207382790260436,-31.046931929965467
MCHP,2016-12-31,Q3,27731000,2566898000,7144581000,2505141000,0.04321324805270798,37.63508121153115
RH,2017-01-28,FY,5401000,919869000,2192520000,2134871000,0.005871488222779548,291.2584504740487
ATRC,2016-12-31,FY,-33338000,168442000,276421000,155109000,-0.19791975873000794,-5.000004967053534
PANW,2017-01-31,Q2,-117500000,870600000,3174600000,332600000,-0.5398575694923041,4.655727203138826
HMMR,2016-07-31,FY,-2188099,2841621,6837082,0,-0.7700178876774911,190.0
SGOO,2016-03-31,Q1,-106210,-568725,5413,0,0.7470042639236889,-56.66666480402147
HPE,2017-01-31,Q1,267000000,31501000000,76662000000,4246000000,0.03390368559728263,25.4762700933737
HDNG,2016-12-31,FY,1224000,155941000,297550000,292013000,0.007849122424506704,54.70692470868469
MPAA,2016-12-31,Q3,27761000,239936000,443029000,306843000,0.4628067484662577,-10.462200258896438
ASG,2016-03-31,Q1,-20554,-10604,45,0,7.753300641267447,11.604932544617238
PBHC,2016-12-31,FY,3298000,57929000,749034000,24093000,0.056931761293997823,15.70247282511928
FPAY,2016-12-31,FY,-12253707,14525721,29155624,47579585,-0.8435868346913726,-36.666667461395264
INTT,2016-12-31,FY,2658000,37788000,42844000,40227000,0.07033979040965385,88.04347386657619
SLM,2016-12-31,FY,250327000,2347058000,18533003000,1077246000,0.10665565145812332,-0.4405303000385335
RSYS,2016-12-31,FY,-10251000,56556000,128185000,212392000,-0.18125397835773394,-77.00228783637479
ANGI,2016-12-31,FY,-7857000,4500000,157394000,323329000,-1.746,28.659285251022208
PESI,2016-12-31,FY,-13993000,31596000,65335000,51219000,-0.4428725155082922,-3.9473647060816504
KLAC,2016-12-31,Q2,416352000,965096000,5094456000,1245486000,1.7256397291046695,32.313304180035644
SRPT,2016-12-31,FY,-267265000,336691000,424104000,5421000,-0.7937990620479906,99.28366489114279
AMAT,2017-01-29,Q1,703000000,7687000000,15244000000,3278000000,0.36581241056328867,66.33662981384744
NLST,2016-12-31,FY,-11231000,-529000,19968000,12798000,21.23062381852552,-68.68686874768355
ERII,2016-12-31,FY,1034000,65133000,149063000,49715000,0.015875209187355105,-18.755806610087305
FIVE,2017-01-28,FY,71840000,331405000,500536000,1000410000,0.21677403780872345,72.3880514966453
TDC,2016-12-31,FY,125000000,971000000,2413000000,889000000,0.12873326467559218,39.44887306332017
HEES,2016-12-31,FY,37172000,142765000,1241611000,978137000,0.2603719399012363,72.391864535214
AEP,2016-12-31,FY,618000000,17397000000,63467700000,16380100000,0.03552336609760304,17.22434936646909
TFX,2016-12-31,FY,237841000,2137517000,3891213000,1868027000,0.11126975832238994,56.62848191378218
BDCO,2016-12-31,FY,-15767448,16703259,75360018,167855316,-0.9439743465631467,-73.89033890548066
EPAM,2016-12-31,FY,99266000,781412000,925811000,1160132000,0.12703413820110263,68.75589155305818
CIZN,2016-12-31,FY,6736654,85059395,1025211907,30168941,0.0791994111879117,-11.324372138153256
CRVL,2016-12-31,Q3,21492000,143001000,237725000,385081000,0.6011706211844673,41.82306329196518
ENSG,2016-12-31,FY,52843000,456449000,1001025000,1654864000,0.11576977931817137,-0.8042851232670811
FBP,2016-12-31,FY,93229000,1786243000,11922455000,585292000,0.052192786759696186,-24.219912478771715
CB,2016-12-31,FY,4135000000,48275000000,159786000000,31469000000,0.08565510098394614,10.948293549382297
LPX,2016-12-31,FY,149800000,1195700000,2031200000,2233000000,0.12528226143681526,34.32225705206818
UNM,2016-12-31,FY,931400000,8968000000,61941500000,11046500000,0.10385816235504014,23.961158317177443
SPLY,2016-09-30,Q3,-1446593,-686856,62,0,8.424432486576517,-53.75000009313226
GNCMA,2016-12-31,FY,-4136000,22719000,2065939000,933812000,-0.18205026629693208,90.24865929945904
CXW,2016-12-31,FY,219919000,1458963000,3271604000,1849785000,0.15073651627902832,-9.638552832523834
PBSV,2017-01-31,Q1,-382135,21453581,23056233,4046291,-0.07124871134567232,-26.436783656653134
PLCE,2017-01-28,FY,102336000,496287000,910499000,1785316000,0.20620326544922596,65.82544634967161
CWST,2016-12-31,FY,-6858000,-24526000,631512000,565030000,0.2796216260295197,81.2598488463732
DLTH,2017-01-29,FY,21529000,111179000,155967000,376116000,0.19364268431988055,-16.157990442197537
ANET,2016-12-31,FY,184189000,1107820000,1729007000,991337000,0.16626256973154482,142.71585386022534
ALB,2016-12-31,FY,680769000,3795062000,8161207000,2677203000,0.17938284012224306,45.24701301199474
HE,2016-12-31,FY,250146000,2066753000,12425506000,2380654000,0.12103333102697807,9.945256543603625
CASI,2016-12-31,FY,-9453488,20783775,27712895,0,-0.4548494197998198,162.09678225661193
ACRE,2016-12-31,FY,44868000,419029000,1373703000,45107000,0.10707612122311344,-8.380684031035054
SNOA,2016-12-31,Q3,11710000,22863000,27507000,8158000,2.0487250142151074,6.0311306025894265
DYNT,2016-12-31,Q2,-380952,6238601,16358838,16876089,-0.24425476160440457,19.99999682108561
NWE,2016-12-31,FY,164172000,1676227000,5499321000,1257247000,0.0979413886066744,5.365338728757855
PKOH,2016-12-31,FY,32700000,221700000,979600000,1276900000,0.14749661705006767,6.860466890556868
TVPT,2016-12-31,FY,15046000,-359928000,2833929000,2351356000,-0.04180280500544553,-8.151791178693239
CWCO,2016-12-31,FY,2777313,145604948,163604528,4723054,0.01907430371116234,16.12903169099195
NXRT,2016-12-31,FY,25888000,256102000,1035397000,132848000,0.10108472405525923,24.676486944662376
MMEX,2016-07-31,Q1,25542,-2755157,3397,0,-0.03708246027358877,46.93877551020408
ATI,2016-12-31,FY,-627100000,1355200000,5170000000,3134600000,-0.4627361275088548,48.098162696611965
TPIC,2016-12-31,FY,13842000,106507000,437206000,754877000,0.12996328879791938,32.68481830896351
SSB,2016-12-31,FY,101282000,1134588000,8900592000,333163000,0.0892676460530166,-0.17182304769219126
ASIX,2016-12-31,FY,34147000,215362000,904957000,1191524000,0.15855629126772597,91.22727134011008
AFL,2016-12-31,FY,2659000000,20482000000,129819000000,22559000000,0.12982130651303583,25.813391146293345
NGTF,2016-12-31,Q2,-158538,-266047,126525,10507,2.383608911207418,-8.526672580771741
HOLX,2016-12-31,Q1,86500000,2228600000,7337800000,613400000,0.15525441981513058,6.475712018205654
SEB,2016-12-31,FY,314000000,3162000000,4755000000,4334000000,0.09930423782416192,9.919965036618263
LCNB,2016-12-31,FY,12482000,142944000,1306799000,43750000,0.08732090888739646,-9.111107720269098
CF,2016-12-31,Q4,-158000000,3348000000,15131000000,3685000000,-0.18876941457586618,33.47976088898842
PSX,2016-12-31,FY,1644000000,22390000000,51653000000,84279000000,0.07342563644484144,16.545685515464097
LODE,2016-12-31,FY,-12964704,14416589,33843031,5070217,-0.8992906713231542,-69.99999926640437
VVI,2016-12-31,FY,42795000,357355000,869816000,1204970000,0.11975486560982776,26.628574916294646
JSDA,2016-12-31,FY,-183000,1805000,4932000,15667000,-0.10138504155124654,-17.42081263381125
SAMG,2016-12-31,FY,9982000,47305000,112281000,80262000,0.21101363492231265,21.590905068006013
RJF,2016-12-31,Q1,147703000,5080877000,31669390000,1528768000,0.11628150022132006,28.15728530647147
LPTH,2016-12-31,Q2,1238163,21798116,38811956,10870066,0.2272055071181381,46.05263529391835
ENG,2016-12-31,FY,-2342000,36806000,44436000,59224000,-0.06363092973971635,-68.5920573733227
NAUH,2016-05-31,FY,-5304000,40429000,70716000,96113000,-0.13119295555170793,32.178222846779235
PGAS,2016-09-30,Q3,577385,9570306,10133169,15086277,0.2413235271683058,64.40000534057617
WDC,2016-12-30,Q2,-131000000,10732000000,28975000000,9602000000,-0.048825941110696984,17.04194606495012
NKSH,2016-12-31,FY,14942000,178263000,1233942000,40930000,0.083819973858849,5.330241380596798
CMCSA,2016-12-31,FY,9045000000,53943000000,180500000000,80403000000,0.16767699238084646,16.002889115125072
SF,2016-12-31,FY,81520000,2738408000,19129356000,294332000,0.0297691213288889,19.287007643910655
GFF,2016-12-31,Q1,12264000,389021000,1745189000,467100000,0.12610116163394777,-23.062382629556563
MUR,2016-12-31,FY,-275970000,4916679000,10295860000,1809575000,-0.05612935072637445,-1.8337019889190458
DIT,2016-12-31,Q1,1046464,66696244,107035807,310104229,0.06275999590021891,-15.646553039550781
MRCY,2016-12-31,Q2,9023000,484716000,755277000,185663000,0.07446009622129247,71.16666158040364
CCUR,2016-12-31,Q2,-3016000,16005000,34785000,18105000,-0.7537644486098094,3.411129549873635
EFSI,2016-12-31,FY,6370000,79416000,700149000,25785000,0.08021053691951244,25.49019607843137
CERS,2016-12-31,FY,-62906000,57787000,103476000,37183000,-1.088583937563812,-21.939949792239954
SGMO,2016-12-31,FY,-71658000,136195000,157891000,19389000,-0.5261426630933588,429.0322620340243
COHU,2016-12-31,FY,3039000,235469000,345512000,282084000,0.012906157498439284,58.712949269904726
ACN,2017-02-28,Q2,1843228000,7964245000,20078773000,16833188000,0.9257515307477356,32.69388004225128
PW,2016-12-31,FY,247183,7282965,21214931,1975921,0.033939885747082406,-21.62850200031971
CIK,2016-12-25,FY,211117000,1948008000,6739645000,3127938000,0.1083758382922452,4.444440071334837
BBSI,2016-12-31,FY,18799000,69693000,597760000,840586000,0.26974014606918917,0.170861471022698
KSS,2017-01-28,FY,556000000,5177000000,13574000000,18686000000,0.10739810701178289,72.14807903906899
MMM,2016-12-31,FY,5058000000,10298000000,32906000000,30109000000,0.49116333268595846,32.19319914797597
ENS,2017-01-01,Q3,124507000,1054560000,2246013000,1740348000,0.4722614170839023,-11.288063258364899
SKY,2016-11-30,Q2,149000,25344000,57727000,125402000,0.02351641414141414,-6.093747823033515
SSTK,2016-12-31,FY,32628000,286696000,501778000,494317000,0.11380695928788682,-9.448656639760689
D,2016-12-31,FY,2212000000,14605000000,71610000000,11737000000,0.15145498117083192,6.308193519467213
ESNT,2016-12-31,FY,222606000,1343773000,1882998000,458258000,0.1656574436307323,33.92967495765239
GPI,2016-12-31,FY,147065000,930200000,4461903000,420654000,0.158100408514298,-10.718325414561
GNTX,2016-12-31,FY,347591276,1910424234,2309619833,1678924756,0.18194454918121605,3.3547128259453607
ENTL,2016-12-31,FY,-28730000,35445000,72089000,75184000,-0.8105515587529976,30.21890008405369
BCPC,2016-12-31,FY,55972000,521033000,948626000,553204000,0.10742505752994531,-3.1948157504933308
FSLR,2016-12-31,FY,-357964000,5212687000,6867213000,2951328000,-0.06867168506376846,101.3118509242736
NHI,2016-12-31,FY,152716000,1209590000,2403633000,248500000,0.12625435064774015,1.086224435977798
RDNT,2016-12-31,FY,8004000,48486000,849476000,884535000,0.16507857938373963,55.38462125338041
VSPC,2016-12-31,FY,-1201000,-708000,49000,205000,1.6963276836158192,-70.0
FCNCA,2016-12-31,FY,225482000,3012427000,32990836000,987757000,0.07485061048782261,13.524327751869103
FINL,2016-11-26,Q3,-8737000,465668000,781636000,1286941000,-0.07504917666663803,-56.5292113957523
TPX,2016-12-31,FY,196500000,-15200000,2702600000,3127300000,-12.927631578947368,-8.615160319051055
CSCO,2017-01-28,Q2,4670000000,63811000000,126248000000,17793000000,0.292739496325085,38.04736126698928
RNG,2016-12-31,FY,-29309000,130041000,252629000,379724000,-0.22538276389754,126.69789536812677
LCLP,2016-12-31,Q2,3537865,-5251880,104161,86176,-2.69455128449241,-98.41269830026235
GEOS,2016-12-31,Q1,-11705000,233805000,244109000,15285000,-0.20025234704133787,-40.28544807985222
TREX,2016-12-31,FY,67847000,134161000,221430000,479616000,0.505713284784699,61.46283900544878
HNI,2016-05-31,Q2,-8514,48646,48646,0,-0.7000781153640587,-7.314953232490192
GCO,2017-01-28,FY,97431000,921053000,1448906000,2868341000,0.10578218625855407,-38.78737872573778
NOC,2016-12-31,FY,2200000000,5259000000,25614000000,14738000000,0.4183304810800532,30.661162441824608
WU,2016-12-31,FY,253200000,902200000,9419600000,5422900000,0.280647306583906,-13.472913868838479
MCO,2016-12-31,FY,266600000,-1225000000,5327300000,3604200000,-0.21763265306122448,54.614013536161586
TRVN,2016-12-31,FY,-102994000,78581000,114654000,3750000,-1.310673063463178,-73.98373983739837
URI,2016-12-31,FY,566000000,1648000000,11988000000,5762000000,0.3434466019417476,57.26832632116744
IGC,2016-12-31,Q3,-1083000,7540000,11170000,487000,-0.5745358090185676,244.82759612919205
WFC,2016-12-31,FY,21938000000,199581000000,1930115000000,53663000000,0.10992028299287006,8.339282444545201
CHGG,2016-12-31,FY,-42245000,221939000,290652000,181264000,-0.19034509482335235,122.04081505549445
DST,2016-12-31,FY,427300000,1115200000,2771800000,1474400000,0.3831599713055954,14.193726828372027
GPT,2016-12-31,FY,33365000,2752712000,5603527000,517264000,0.012120773985800186,-5.259415687054918
AVD,2016-12-31,FY,13024000,282190000,429956000,312113000,0.04615330096743329,5.361930404579846
DOV,2016-12-31,FY,508892000,3799746000,10115991000,6794342000,0.13392789939116984,32.15126320149803
MIDD,2016-12-31,FY,284216000,1265318000,2917136000,2267852000,0.22462021404895843,4.945952866846385
SSNT,2016-12-31,FY,3436399,4970916,10659429,4707546,0.6913009594207586,41.00000063578288
ASG,2016-12-31,FY,-90733,-80640,3580,0,1.1251612103174604,31.9047669867001
GEO,2016-12-31,FY,148498000,975056000,3749409000,2179490000,0.1522968937168737,-2.827339347633369
AMT,2016-12-31,FY,970359000,6763895000,30879150000,72542000,0.1434615705891354,34.404141420726205
CMPR,2016-12-31,Q2,4992000,99496000,1663946000,1020564000,0.20069148508482754,28.474976304805562
PSCO,2016-12-31,FY,463491000,5269455000,14806084000,4047796000,0.0879580525879811,18.64406699397655
INND,2016-12-31,FY,69744,236520,655943,1897688,0.29487569761542365,-65.00000059604645
PKOH,2016-12-31,FY,32200000,226000000,974300000,1276900000,0.1424778761061947,6.860466890556868
FCEL,2016-10-31,FY,-51208000,114396000,342137000,62563000,-0.44763802930172386,-36.11940343829475
ARCB,2016-12-31,FY,18652000,598897000,1309992000,2700219000,0.031143919572146798,23.70242377815674
NAUH,2016-11-30,Q2,-2781000,35551000,63587000,43113000,-0.3129025906444263,-20.60301329932374
ANIK,2016-12-31,FY,32547000,222773000,240246000,102932000,0.14609939265530383,7.583315088356944
FFIN,2016-12-31,FY,104774000,837885000,6809931000,232288000,0.12504579984126699,-0.33186177731637573
PGR,2016-12-31,FY,1057200000,7957100000,33427500000,478900000,0.1328624750223071,58.51393647567913
ASH,2016-12-31,Q1,10000000,3175000000,9063000000,1193000000,0.012598425196850394,33.3694994238173
BIIB,2016-12-31,FY,3702800000,12140100000,22876800000,9817900000,0.3050057248292848,9.207780554639292
OPXS,2016-10-02,FY,-208000,7240000,12761000,17279000,-0.028729281767955802,23.677576418181367
BELFB,2016-12-31,FY,-64834000,158434000,426740000,500153000,-0.4092177184190262,-21.801243141097473
EVC,2016-12-31,FY,20405000,183456000,517921000,258514000,0.11122557997557997,6.716422371833641
SQ,2016-12-31,FY,-171590000,576153000,1211362000,44307000,-0.29782019706571,151.0499429072978
HTM,2016-12-31,FY,3585348,104978048,243424332,31481675,0.03415331174761413,-13.533833598053643
BSF,2016-12-31,FY,17459000,233427000,2053175000,75386000,0.07479426116087685,0.49115162634254483
IRDM,2016-12-31,FY,111032000,1343758000,3499625000,334822000,0.08262797319160146,11.848341018019743
FTK,2016-12-31,FY,-49130000,287343000,386588000,262832000,-0.1709803266479434,-51.255232240309965
UEIC,2016-12-31,FY,20384000,280510000,521036000,651371000,0.07266764108231435,-27.86259541984733
NTNX,2017-01-31,Q2,-255381000,131883000,670717000,268165000,-7.745683674165738,5.880405524871208
XCRA,2017-01-31,Q2,2590000,283854000,376627000,149268000,0.03649763610870377,31.926122699889763
AGCO,2016-12-31,FY,160200000,2776100000,7168400000,7410500000,0.057706854940383995,22.500426381218368
CCL,2017-02-28,Q1,352000000,22660000000,38703000000,3791000000,0.062135922330097085,20.625553071438063
BYD,2016-12-31,FY,418003000,934076000,4670751000,2183976000,0.447504271601026,71.72954188681544
CCEL,2016-11-30,FY,-1320800,-15414258,19538468,21771600,0.08568690104966453,87.05881904153263
NWFL,2016-12-31,FY,6711000,111079000,1111183000,32244000,0.060416460357043185,55.36723331265243
LINC,2016-12-31,FY,-28304000,54926000,163207000,196910000,-0.515311510031679,3.589740078516738
CPRT,2017-01-31,Q2,233346000,895703000,1841241000,617111000,1.042068632124711,56.503349356540454
SDON,2016-12-31,FY,-20967,-24240,303,0,0.8649752475247525,194.11762987178702
EVRI,2016-12-31,FY,-249479000,-107793000,1408163000,859456000,2.314426725297561,238.11658732566846
FKYS,2016-12-31,FY,9472000,109685000,984283000,31643000,0.08635638419109268,15.306122448979592
USNA,2016-12-31,FY,100041000,325287000,470642000,1006083000,0.3075468739912754,19.05145039142657
DENN,2016-12-28,FY,19402000,-71112000,306151000,367310000,-0.2728372145348183,4.118102079906645
QSEP,2016-12-31,FY,-4000000,-1358000,186000,0,2.9455081001472756,216.66666977107533
CCBG,2016-12-31,FY,11746000,275168000,2845197000,81154000,0.04268664961041982,10.023981363786264
GRPN,2016-12-31,FY,-183323000,264420000,1761377000,1303546000,-0.693302322063384,45.714285714285715
GURE,2016-12-31,FY,36225831,349461198,365691353,149275002,0.10366195505344773,-27.586205114588434
DLHC,2016-12-31,Q1,324000,32587000,64946000,26111000,0.03977046061312794,6.390326217561279
SUWN,2017-01-31,Q3,-2650264,14085068,28789343,16244813,-0.7526449996549538,-57.4600028014182
OI,2016-12-31,FY,230000000,254000000,9135000000,6702000000,0.905511811023622,23.50974447904945
COHR,2016-12-31,Q1,30408000,926981000,2089571000,346073000,0.13121304535907424,59.152544959116796
LMNR,2017-01-31,Q1,-2072000,123487000,311166000,26769000,-0.06711637662264044,25.4117629107307
UBFO,2016-12-31,FY,7385000,96654000,787972000,29473000,0.07640656361868108,43.354846912507554
DFIN,2016-12-31,FY,59100000,111100000,978900000,598600000,0.531953195319532,-16.9224188758903
QCOM,2016-12-25,Q1,681000000,31215000000,52366000000,5999000000,0.08726573762614127,-3.7472069041879648
MCS,2016-12-29,FY,37539000,390112000,911266000,543864000,0.09622621195964236,-13.787634165807908
CRVP,2017-01-31,Q1,-74614,5097028,35356056,14650146,-0.058554906898686844,-4.761900369272073
HDP,2016-12-31,FY,-251688000,11362000,235836000,184461000,-22.151733849674354,130.88404732808596
CSGS,2016-12-31,FY,62882000,251360000,891879000,760958000,0.25016709102482493,-9.798274921405303
PRIM,2016-12-31,FY,27725000,498570000,1170798000,1996948000,0.055609041859718794,17.350023498172874
CIX,2016-12-31,FY,10457000,125770000,143980000,108920000,0.08314383398266677,-13.355049770614928
PI,2016-12-31,FY,-1673000,124023000,167536000,111769000,-0.013489433411544632,-36.26590761202099
SIX,2016-12-31,FY,156727000,-186490000,2487672000,1319398000,-0.8404043112231219,10.839157796670035
IBIO,2016-12-31,Q2,-7404000,4153000,44188000,210000,-7.13123043582952,-51.35135135135135
TSE,2016-12-31,FY,318312000,445053000,2409490000,3716640000,0.7152226813435704,19.211817167640593
TBBK,2016-12-31,FY,-96492000,298963000,4858114000,102219000,-0.3227556587269997,22.58064019940548
SOHO,2016-12-31,FY,900149,79010113,406019564,152845752,0.011392832712440243,-9.154931043637383
GWRS,2016-12-31,FY,-2852000,15191000,238819000,29799000,-0.18774274241327102,2.8634386681328885
TCON,2016-12-31,FY,-27008000,28336000,45730000,3449000,-0.9531338226990401,-36.79245283018868
NCLH,2016-12-31,FY,633085000,4537726000,12973911000,4874340000,0.13951591612186368,24.444961113980725
CCNE,2016-12-31,FY,20540000,211784000,2573821000,94315000,0.09698560797793979,-1.8698579068054042
MHK,2016-12-31,FY,933566000,5776451000,10230596000,8959087000,0.16161584336126109,36.753404657489156
MOFG,2016-12-31,FY,20391000,305456000,3079575000,112328000,0.06675593211460898,-10.586669921875
PBI,2016-12-31,FY,111850000,-103660000,5837133000,366547000,-1.0790082963534633,-29.50819327118415
EIX,2016-12-31,FY,1425000000,14187000000,51319000000,11869000000,0.10044406851342778,-11.860624838373802
AYTU,2016-12-31,Q2,-10541576,10446774,21506168,1492152,-4.036299052702777,-90.30434782608697
KOPN,2016-12-31,FY,-23031145,74077686,87832272,21115125,-0.3109052974467912,-5.8823541786431095
FWRD,2016-12-31,FY,27670000,499069000,641291000,982530000,0.0554432353041363,18.604167385417693
ABWN,2016-11-30,Q1,-3830195,1225859,1410764,0,-12.49799528330746,62.500007832845114
MMEX,2016-01-31,Q3,-2302772,-2896101,4305,0,3.1805133867914135,-97.5609756097561
ERHE,2016-12-31,Q1,-1935857,-7752342,5922448,36330,0.9988501539276776,-24.99999454303165
GLW,2016-12-31,FY,3695000000,17893000000,27899000000,9390000000,0.20650533728273626,31.646093726329845
BFAM,2016-12-31,FY,94760000,687867000,2359017000,1569841000,0.137759188912973,35.87742062060569
BMTM,2016-12-31,FY,-2667051,1569954,2980345,1499010,-1.6988083727293921,-23.529416714572438
CMS,2016-12-31,FY,553000000,4253000000,21622000000,6399000000,0.13002586409593228,13.893572423219226
CHHE,2016-12-31,Q2,1293732,33840113,39939165,3071664,0.15292289360854083,114.28572188834751
MSCI,2016-12-31,FY,260855000,317605000,3082578000,1150669000,0.821318933895877,60.76737693736074
CTHR,2016-12-31,FY,-4525761,34868621,40505776,29168128,-0.12979466552462743,22.72727223467237
EVOL,2016-12-31,FY,3435000,29334000,43755000,2873000,0.11709961137246881,13.253004849606137
SCKT,2016-12-31,FY,12147088,16169932,20638995,20787588,0.7512145381934816,-8.67347311149377
JCTCF,2016-11-30,Q1,485920,18010575,20098598,10421804,0.10791881991552185,27.118642013054505
ALL,2016-12-31,FY,319000000,6409000000,43239000000,2891000000,0.049773755656108594,41.17567974851902
PGRE,2016-12-31,Q1,-933,6550,9573,28332,-0.5697709923664123,-2.341338086780017
RFIL,2017-01-31,Q1,-194000,21050000,24953000,6617000,-0.036864608076009504,93.74999115243567
CNDT,2016-12-31,FY,-983000000,3288000000,7709000000,6358000000,-0.2989659367396594,17.784253155205697
BJRI,2017-01-03,FY,45557000,274897000,708879000,993052000,0.1657238893112693,-3.7958134397374206
EXAC,2016-12-31,FY,162000,234242000,294209000,257573000,0.0006915924556655084,79.49184077079317
ORI,2016-12-31,FY,466900000,4471600000,18591600000,5900500000,0.10441452723857232,12.113264304714901
ARTH,2016-12-31,Q1,-1401501,2492306,3901981,0,-2.2493241199114395,-25.862068965517242
TDOC,2016-12-31,FY,-74216000,230870000,303670000,123157000,-0.32146229479793825,111.21211196437027
EBF,2016-11-30,Q3,-4354000,247692000,318618000,270316000,-0.070313130823765,30.340555630156707
SHOO,2016-12-31,FY,121274000,740867000,973047000,1399551000,0.16369199869882178,31.549288169469257
SXC,2016-12-31,FY,59500000,311100000,2120900000,1222200000,0.1912568306010929,6.106190873775804
ELS,2016-12-31,FY,187132000,1008543000,3478987000,2994000,0.18554687306341922,24.76523972926823
MNTX,2016-12-31,FY,-35734000,74398000,317985000,288959000,-0.4803086104465174,36.170214492846156
PLUG,2016-12-31,FY,-57487000,85088000,240832000,39985000,-0.675618183527642,95.04130749532817
MCHX,2016-12-31,FY,-84066000,113271000,128272000,129547000,-0.7421670153878751,18.31501818705815
HSIC,2016-12-31,FY,556395000,2793066000,6730396000,11571668000,0.19920581898172116,-10.37004153938069
IBOC,2016-12-31,FY,133932000,1724667000,11804041000,387914000,0.07765673025575372,-2.696074741888509
ULH,2016-12-31,FY,24244000,147732000,570457000,1072751000,0.16410797931389273,47.058827003002506
CHUY,2016-12-25,FY,17244000,157065000,240728000,330613000,0.10978894088434725,-16.084980338969707
ENTA,2016-12-31,Q1,-4980000,268168000,278379000,10417000,-0.07428179350258048,70.82970280008787
MRK,2016-12-31,FY,3920000000,40088000000,95377000000,39807000000,0.09778487327878667,-6.450539404277548
CPK,2016-12-31,FY,44675000,446086000,1229219000,498860000,0.10014885022170612,19.195753009066706
SHEN,2016-12-31,FY,-895000,295894000,1484407000,535288000,-0.003024731829641696,16.955016204873797
ASUR,2016-12-31,FY,-972000,18246000,85823000,35542000,-0.05327195001644196,56.888887617323135
BANC,2016-09-30,Q3,82152000,971424000,11216404000,281115000,0.33827453305662614,18.843076105617744
UPLD,2016-12-31,FY,-13513000,59013000,150588000,74767000,-0.2289834443258265,140.93437596070225
LXU,2016-12-31,FY,112168000,492513000,1270420000,374585000,0.22774627268721842,-2.341132200750652
SUPN,2016-12-31,FY,91221000,191755000,309568000,210078000,0.4757164089593492,53.56453681123953
BPMC,2016-12-31,FY,-72495000,213078000,282795000,27772000,-0.3402275223157717,160.483598185759
ES,2016-12-31,FY,949821000,10711734000,32053200000,7639100000,0.0886710779039136,14.7058790937698
MXSG,2016-12-31,Q3,-3377695,602832,1241683,0,-22.41218117153701,-63.533333937327065
MEDP,2016-12-31,FY,13425000,610710000,979105000,370621000,0.02198261040428354,0.974654624361734
BRO,2016-12-31,FY,257491000,2360211000,5287343000,1766629000,0.10909660195635051,14.81481355390375
HNRG,2016-12-31,FY,12510000,216890000,528506000,281450000,0.05767900779196828,-33.80434479515127
AVDL,2016-12-31,FY,-41276000,42069000,245482000,150246000,-0.981150015450807,-25.114155688597723
MLM,2016-12-31,FY,425444000,4139978000,7300905000,3576767000,0.10276479730085522,-1.0253922563678781
BDL,2016-12-31,Q1,1101000,29997000,59492000,26594000,0.1468146814681468,-4.41653216819167
GTIM,2016-12-27,Q1,-493000,35644000,47860000,16386000,-0.055324879362585566,-23.809523088681566
CCO,2016-12-31,FY,164433000,-932788000,5718828000,2702395000,-0.1762812128800971,-7.070705416542801
MTEX,2016-12-31,FY,-586000,38885000,71188000,180304000,-0.01507007843641507,-25.999014991364707
EDUC,2016-11-30,Q3,2212900,14512300,70778600,79374800,0.6099377769202676,51.38121017158445
MSA,2016-12-31,FY,93862000,558165000,1353920000,1149530000,0.16816174428708358,11.829193572334134
SP,2016-12-31,FY,26000000,268200000,778600000,1615500000,0.09694258016405667,28.373698836774714
DIOD,2016-12-31,FY,18477000,776019000,1528552000,942162000,0.023809984033896076,10.952012023972951
VRTX,2016-12-31,FY,-84031000,1156582000,2896787000,1683632000,-0.07265459777171009,100.10682578676284
AHT,2016-12-31,FY,-58782000,791621000,4891544000,1492043000,-0.07425523072278274,-15.025251786716867
FOLD,2016-12-31,FY,-200042000,360151000,1036845000,4958000,-0.5554392463161285,180.5068230469429
GWW,2016-12-31,FY,632838000,1797935000,5694307000,10137204000,0.3519804664796002,0.7677556302784623
MDRX,2016-12-31,FY,3030000,1232466000,3832159000,537547000,0.00245848567019293,33.11985164213464
NTAP,2017-01-27,Q3,319000000,2694000000,9055000000,2154000000,0.473645137342242,67.74365192825582
SRC,2016-12-31,FY,97446000,3682108000,7677971000,685974000,0.026464731615694053,-20.55555700080353
ALG,2016-12-31,FY,40045000,387717000,552776000,844748000,0.10328409638989262,45.58236105212236
FMC,2016-12-31,FY,211700000,1957700000,6139300000,3282400000,0.10813709965776166,65.98280858333774
HFBL,2016-12-31,Q2,1765000,44138000,410308000,8157000,0.1599528750736327,3.4191116608139582
AAP,2016-12-31,FY,459622000,2916192000,8315033000,9567679000,0.157610335670628,-41.56506513785412
BOH,2016-12-31,FY,181461000,1161537000,16492367000,457900000,0.15622489856113064,-3.3712993695534434
HAFC,2016-12-31,FY,56489000,531025000,4701346000,178471000,0.1063772892048397,-13.28571319580078
CNXR,2016-12-31,FY,-26534000,-57384000,82488000,81894000,0.462393698591942,-90.64327527167168
CLFD,2016-12-31,Q1,876930,64223910,69325513,18266162,0.05461704215766371,-42.0803772059299
RSSS,2016-12-31,Q2,-1253626,5112674,13420346,16188783,-0.9807986975113219,19.60784817878589
WMB,2016-12-31,FY,-350000000,4643000000,46835000000,5171000000,-0.07538229592935602,-3.083278263136515
REMI,2016-12-31,Q3,227141,2359357,5792136,1818865,0.38508966637944153,100.0
ROCK,2016-12-31,FY,33675000,460880000,918245000,1007981000,0.0730667418850894,-23.611112460187407
BGFV,2017-01-01,FY,16886000,205037000,433579000,1021235000,0.08235586747757721,-54.89614402032633
NSSC,2016-12-31,Q2,1425000,52844000,64039000,40883000,0.107864658239346,3.5502981953434287
ANDR,2016-12-31,FY,-1253626,1371966,3709601,413084,-0.9137442181511787,-37.499997671693514
VZ,2016-12-31,FY,13608000000,24032000000,244180000000,108468000000,0.5662450066577897,-3.023088073515043
KN,2016-12-31,FY,-42300000,1008500000,1515100000,859300000,-0.04194348041646009,-12.477612851270989
FLO,2016-12-31,FY,163776000,1210080000,2761068000,3926885000,0.1353431178103927,-3.1108922716493157
CANN,2016-12-31,FY,-32799677,-22875938,2857871,2981982,1.4338068672856168,116.00000063578288
DIS,2016-12-31,Q1,2488000000,43210000000,91576000000,12406000000,0.23031705623698218,1.348039480102226
CMCT,2016-12-31,FY,34565000,965677000,2022884000,265931000,0.03579354173289827,21.65605327682506
MLP,2016-12-31,FY,21814000,17742000,38883000,36000000,1.2295118926840265,147.1428462437221
ITRI,2016-12-31,FY,35053000,631604000,1577811000,2013186000,0.055498381897518066,8.426065649907349
CRBO,2016-12-31,FY,-12819000,7108000,42712000,8195000,-1.8034608891389983,22.22222222222222
CATY,2016-12-31,FY,175099000,1828539000,14520769000,499070000,0.09575896385037454,10.508381387756081
MBCN,2016-12-31,FY,6416000,76960000,787821000,29994000,0.08336798336798337,23.589745545998596
NWL,2016-12-31,FY,527800000,11348800000,33837500000,13264000000,0.046507119695474414,-31.211039897387018
BAC,2016-12-31,FY,17906000000,266840000000,2187702000000,51057000000,0.06710388247639035,31.025297639078346
CNP,2016-12-31,FY,432000000,3460000000,21829000000,7528000000,0.12485549132947976,15.331437309352399
PSA,2016-12-31,FY,1460439000,9411910000,10130338000,2560549000,0.15516924832472898,-6.496064779401892
W,2016-12-31,FY,-194375000,79384000,761683000,3380360000,-2.4485412677617657,128.16940291855786
GAIA,2016-12-31,FY,87066000,97537000,107196000,17247000,0.8926458677219927,44.186035680281364
SYNT,2016-12-31,FY,-57390000,-183087000,454543000,966550000,0.3134575365809697,15.41164499531158
NEU,2016-12-31,FY,243441000,483251000,1416436000,2049451000,0.5037568468559817,-7.320766878171605
MEI,2017-01-28,Q3,69700000,507900000,667000000,596700000,0.5489269541248277,0.6009615605046772
MCRB,2016-12-31,FY,-91579000,132631000,272646000,21766000,-0.690479601299847,1.2987024122719686
WMK,2016-12-31,FY,87162000,926722000,1431304000,3136720000,0.09405409605037973,-38.14079042849122
CBSH,2016-12-31,FY,276854000,2495783000,25641424000,713052000,0.11092871455571257,-3.1396416070859265
GSAT,2016-12-31,FY,-132646000,161819000,1132614000,83069000,-0.8197183272668846,-25.98870300022171
KINS,2016-12-31,FY,8899766,56680553,169446462,77436664,0.1570162168319,37.72893598867943
CCRN,2016-12-31,FY,8731000,151243000,388378000,833537000,0.05772829155729521,-17.250323179320084
HNNA,2016-12-31,Q1,3840000,41182000,85543000,13294000,0.3729784857461998,-22.27443429591993
DXC,2017-01-31,Q1,-37000000,4392000000,12379000000,4147000000,-0.033697632058287796,59.16398321727503
PHH,2016-12-31,FY,-193000000,1092000000,3175000000,622000000,-0.17673992673992675,-32.01319834928099
QTWO,2016-12-31,FY,-36354000,100235000,200980000,150224000,-0.3626876839427346,29.071801957480886
WDAY,2017-01-31,FY,-408278000,1162906000,3166424000,282303000,-0.35108426648413543,44.734634055326836
OTTR,2016-12-31,FY,62321000,670104000,1912385000,376190000,0.09300198178193236,11.964735286439078
CBNT,2015-12-31,FY,-3468283,-2698759,227598,702602,1.2851399476574232,0.0
AFOM,2016-12-31,Q1,-157586,-352622,68274,0,1.7875912450159095,193.92006193772517
ANGO,2016-11-30,Q2,15034000,523349000,712170000,177127000,0.1149061142755599,8.343562417226332
FXNC,2016-12-31,FY,5907000,52151000,716000000,25237000,0.11326724319763763,40.077816853272644
PNC,2016-12-31,FY,3985000000,45699000000,366380000000,9652000000,0.08720103284535767,22.31075001532734
MMEX,2017-01-31,Q3,100230,-2397128,82,0,-0.1672501426707293,5400.0
BMY,2016-12-31,FY,4507000000,16177000000,33707000000,17702000000,0.27860542745873773,3.0782136129058295
ROIC,2016-12-31,FY,36430000,1188241000,2662969000,237189000,0.030658763668313077,-5.584469686199163
PGC,2016-12-31,FY,26477000,324210000,3878633000,117048000,0.08166620400357792,12.858522986869783
FCCO,2016-12-31,FY,6682000,81861000,914793000,29506000,0.08162617119263141,25.90528925286129
RCL,2016-12-31,FY,1283388000,9121412000,22310324000,8496401000,0.14070058451476591,42.22009642673812
CAFD,2016-11-30,FY,12910000,271578000,1335063000,61198000,0.047536987532127054,16.74491696429191
ARW,2016-12-31,FY,524723000,4413438000,14206366000,23825261000,0.11889211993008625,12.540247860833004
DLNO,2016-12-31,Q3,81205,13431904,129565775,3101874,0.02418272197299802,31.515145710286298
HBI,2016-12-31,FY,539382000,1223914000,6907734000,6028199000,0.44070253302111095,-5.470167024926856
HURC,2016-10-31,FY,13292000,185475000,251949000,227289000,0.07166464483083973,69.2747984070873
AGYS,2016-12-31,Q3,-6434000,117706000,171705000,30257000,-0.21864645812447964,13.70369922313515
BXP,2016-12-31,FY,569977000,5786295000,18851643000,2550820000,0.09850465626104442,2.240917178237425
SIGI,2016-12-31,FY,158495000,1531370000,7355848000,2284270000,0.10349882784696056,35.25345322381461
CAC,2016-12-31,FY,40067000,391547000,3864230000,129626000,0.10232998848158714,-4.22823491562183
FLS,2016-12-31,FY,148137000,1648234000,4742762000,3991462000,0.0898761947636076,-14.037946315119845
SENS,2016-12-31,FY,-43930000,-4877000,22271000,332000,9.007586631125692,-2.5641001008693984
SON,2016-12-31,FY,287881000,1532358000,3923203000,4782877000,0.18786797863162524,-0.3562768327069686
GVP,2016-12-31,FY,1422000,21121000,53656000,53101000,0.0673263576535202,3.1746031746031744
CNOB,2016-12-31,FY,31082000,531032000,4426348000,161241000,0.058531312613929104,-0.3868486653540271
KBLB,2016-12-31,FY,-3073843,-2360813,383659,31858,1.3020273100834332,-20.000002980232196
B,2016-12-31,FY,135601000,1168358000,2137539000,1230754000,0.11606117303086896,31.812500953674316
SOFT,2016-11-30,Q2,2393000,1306000,2580000,94000,7.329249617151608,-81.99000060558319
LRCX,2016-12-25,Q2,596626000,6395696000,11521059000,3514718000,0.37314218812151173,71.22810651343033
CTSO,2016-12-31,FY,-11938875,-474088,9693844,8206036,25.182824707649214,15.044245845756771
MGM,2016-12-31,FY,1236878000,6220180000,28173301000,9455123000,0.19884922944352093,13.26322899635805
SCSC,2016-12-31,Q2,37852000,787536000,1680657000,1837357000,0.19225533816866786,-11.713933635931495
UDR,2016-12-31,FY,320380000,3093110000,7679584000,959861000,0.10357859888591095,7.148816801900069
GLGI,2016-11-30,Q2,212434,-1668637,23584501,17065972,-0.5092395769721035,119.04762986025337
ULBI,2016-12-31,FY,3482000,68030000,84744000,82460000,0.05118330148463913,32.86004906296659
MTNB,2016-12-31,FY,-7598737,7149961,9816341,0,-1.062766216487055,-22.147653745179824
NIMU,2017-01-31,Q2,-310000,-3055000,65000,6000,0.40589198036006546,-47.36841960792064
MTH,2016-12-31,FY,149541000,1421495000,2888691000,12507000,0.10519980724518904,44.4287719634284
TBI,2017-01-01,FY,-15251000,525179000,1130445000,2750640000,-0.029039622681028755,10.0
ICE,2016-12-31,FY,1449000000,15717000000,82003000000,5958000000,0.09219316663485398,25.506929965362385
REFR,2016-12-31,FY,-4238410,4904926,5274196,1236097,-0.864112934629391,-41.57303491184741
KVHI,2016-12-31,FY,-7517000,106502000,199757000,73075000,-0.07058083416273873,-9.999996682871943
JRSS,2016-12-31,FY,5019985,6634335,31702590,7998195,0.756667397712054,147.05883461711366
AIV,2016-12-31,FY,483273000,1793903000,6232818000,995854000,0.26939750922987477,-2.7369660985247943
CARV,2016-12-31,Q3,-1000000,51421000,698875000,19294000,-0.07778923008109527,-9.627327329973308
EME,2016-12-31,FY,182153000,1537089000,3894170000,7551524000,0.11850517439133323,15.40090941008967
AGO,2016-12-31,FY,881000000,6504000000,14151000000,1677000000,0.1354551045510455,-13.042366448136914
SRI,2016-12-31,FY,75574000,178315000,394529000,695977000,0.4238230098421333,29.886364289059113
WNC,2016-12-31,FY,119433000,472391000,898733000,1845444000,0.2528265779830691,33.86799499406263
HPQ,2017-01-31,Q1,611000000,-4327000000,28192000000,12684000000,-0.5648255142130807,55.74750988035094
VSAT,2016-12-31,Q3,17518000,1710936000,2883080000,517485000,0.04095536010698238,14.853461066672974
CRMD,2016-12-31,FY,-24643627,17814526,21906386,224105,-1.3833445245750575,-70.76023457041435
DAKT,2017-01-28,Q3,9433000,199714000,348106000,442857000,0.18893017014330493,-5.894107283689807
SITE,2017-01-01,FY,30600000,148800000,742600000,1648200000,0.2056451612903226,114.7256280153408
NBY,2016-12-31,FY,-13151000,7101000,15381000,11617000,-1.8519926770877342,18.82715889492191
PKBK,2016-12-31,FY,18943000,127134000,1016185000,42202000,0.1490002674343606,12.462684776307299
OPGN,2016-12-31,FY,-19166753,3167481,8984045,4025685,-6.051102753260398,-84.41666666666666
VKTX,2016-12-31,FY,-14731822,8042867,14535708,0,-1.8316630127043005,241.17644937452192
ICCC,2016-12-31,FY,508448,19722142,24697181,9543961,0.025780566837009893,47.73109653155853
FTNT,2016-12-31,FY,32187000,837681000,2139941000,548110000,0.038423934648153656,45.05311541516969
GTN,2016-12-31,FY,62273000,492861000,2783331000,812465000,0.1263500256664658,52.968039194186126
CORT,2016-12-31,FY,8140000,41379000,68753000,81321000,0.19671814205273205,145.38042307505668
TOFB,2016-12-31,FY,421000,2470000,4520000,14473000,0.17044534412955464,9.090907777308086
STAG,2016-12-31,FY,35588000,1027036000,2186156000,250243000,0.03465117094240124,15.267823614569794
AROC,2016-12-31,FY,-65243000,718966000,2414779000,807069000,-0.09074559854012568,-23.636363636363637
LUNA,2016-12-31,FY,-2369492,35089688,54996973,16825157,-0.06752673321005305,57.792216035724394
AXL,2016-12-31,FY,240700000,530000000,3448100000,3948000000,0.4541509433962264,-12.576996474146515
EZPW,2016-12-31,Q1,7038000,599764000,964500000,111513000,0.046938462461901684,14.55399292257221
MNKD,2016-12-31,FY,125664000,-183593000,107063000,1895000,-0.6844705408158263,-26.349210698287884
ACFN,2016-12-31,FY,-119000,1332000,9240000,8659000,-0.08933933933933934,21.05263529391835
CVAT,2016-12-31,Q2,-510478,-1153253,688518,120000,1.7705672562742087,-25.0
YUMM,2016-12-31,Q1,-11457,-50835,997,0,0.9015048686928298,0.0
MYMX,2016-12-31,FY,-5964000,-38779000,8340000,1253000,0.15379457954047293,-8.695653582340375
CJJD,2016-12-31,Q3,-605784,20479773,54281340,61706774,-0.11831849894039353,-29.545452082452663
LECO,2016-12-31,FY,198373000,711477000,1943437000,2274614000,0.2788185703824579,17.54588310408918
VPG,2016-12-31,FY,6408000,171383000,270510000,224929000,0.03738993949224836,33.068783736229626
ZEUS,2016-12-31,FY,-1078000,253390000,556068000,1055116000,-0.004254311535577568,-11.60016354083001
JAGX,2016-12-31,FY,-14733780,-2454185,3563149,141523,6.003532741011782,-79.13561847988078
MSTR,2016-12-31,FY,90908000,552177000,768319000,512161000,0.16463561502923882,-33.633236209977106
AOS,2016-12-31,FY,326500000,1515300000,2891000000,2685900000,0.21546888404936315,29.010523745888158
CHCO,2016-12-31,FY,52128000,442438000,3984403000,132152000,0.11781989792920138,0.19305745453293013
ACU,2016-12-31,FY,5850998,46120346,92066092,124574371,0.12686370566257243,-1.4736858167146383
PNFP,2016-12-31,FY,127224695,1496696112,11194622599,363608928,0.08500369178482907,-4.259923390963448
LOCO,2016-12-28,FY,18339000,265182000,471305000,355468000,0.06915627757540105,-20.63492303772811
REXR,2016-12-31,FY,25876000,939315000,1515008000,126192000,0.027547734253152562,25.25772760882968
CPB,2017-01-29,Q2,393000000,1470000000,7570000000,4373000000,1.0693877551020408,-24.110292815007426
GRMN,2016-12-31,FY,510814000,3418003000,4525133000,3018665000,0.14944808415908353,21.10185273003676
LEG,2016-12-31,FY,386200000,1091600000,2984100000,3749900000,0.3537925980212532,-3.2826727091679353
WPC,2016-12-31,FY,274807000,3301667000,8453954000,941533000,0.08323280330814707,14.737711903707169
NTIC,2016-11-30,Q1,406693,43689642,50209000,9702023,0.03723472945830043,47.670255649665854
CVU,2016-12-31,FY,-3608576,67605706,117791895,81329858,-0.05337679633136292,-4.787232207733812
FOGO,2017-01-01,FY,24262000,290644000,522395000,288296000,0.08347669313662075,-19.16376255676688
SBCF,2016-12-31,FY,29202000,435397000,4680932000,148055000,0.0670698236322253,11.99466383001872
AROC,2016-03-31,Q1,-6726000,724711000,2670840000,213295000,-0.03712376381757694,50.0
SNA,2016-12-31,FY,559600000,2635200000,4723200000,3430400000,0.2123557984213722,1.8404962124501383
ORMP,2016-11-30,Q1,-2636000,23986000,44928000,-610000,-0.439589760693738,48.371333139647355
USAP,2016-12-31,FY,-5347000,181220000,296045000,154434000,-0.02950557333627635,54.99276808461892
SENEA,2016-12-31,Q3,14263000,417614000,1004711000,979566000,0.136614193968593,-23.886141488627008
PINC,2016-12-31,Q2,236770000,-1414249000,2582743000,423265000,-0.6696699096128051,-6.081079132200555
VMI,2016-12-31,FY,178391000,943482000,2391731000,2255860000,0.1890772690946939,15.776618571389617
CBKM,2016-12-31,Q2,1623000,42210000,441435000,7753000,0.15380241648898366,35.64668443248558
BDX,2016-12-31,Q1,562000000,7583000000,24318000000,2922000000,0.2964525913226955,29.61550059057012
RMAX,2016-12-31,FY,47810000,463783000,437153000,176302000,0.10308700405146372,-13.392857142857142
SBGI,2016-12-31,FY,250762000,587983000,5963168000,2736949000,0.42647831654996826,11.8168395282442
TEL,2016-12-30,Q1,409000000,8837000000,17615000000,3063000000,0.18513070046395835,37.18245177557422
DE,2017-01-29,Q1,193200000,6825500000,56296600000,4697800000,0.11322247454398945,60.18121558363373
HOG,2016-12-31,FY,692164000,1920158000,9890240000,5271376000,0.36047241945714886,-13.674919827604676
DK,2016-12-31,FY,-153700000,1182500000,2985100000,4197900000,-0.12997885835095138,38.2667114909941
PRU,2016-12-31,FY,4419000000,45863000000,783962000000,58779000000,0.09635217931666049,9.650965752123986
AAME,2016-12-31,FY,2636000,105506000,318600000,166077000,0.02498436107899077,-17.073166476765294
RPD,2016-12-31,FY,-49000000,42038000,243303000,30630000,-1.1656120652742756,51.093111506377575
HBCP,2016-12-31,FY,16008336,179843024,1556732033,67684314,0.0890128270974803,13.378810156661775
CAR,2016-12-31,FY,163000000,221000000,17643000000,8659000000,0.7375565610859729,17.107017983950374
RICK,2016-12-31,Q1,2905000,129065000,277450000,13475000,0.09003215434083602,64.68510841183418
APYP,2016-12-31,Q2,-176252,-98353,111757,541,7.168139253505231,-79.25311143669703
CHJI,2016-12-31,FY,-562741,9339248,13925850,12356,-0.06025549380421207,115.50000195577745
CRL,2016-12-31,FY,156366000,836768000,2711800000,1130733000,0.18686900072660523,43.0158090866858
SJM,2017-01-31,Q3,481900000,7241900000,15811700000,5608500000,0.2661732418288018,-6.175934223109207
SDPI,2016-12-31,FY,-9128849,13968430,32988505,7153063,-0.6535343628453592,31.250001995691225
PTLF,2016-11-30,Q1,-19115632,-4145174,28996,0,18.446156421901712,-68.51851762424447
TUP,2016-12-31,FY,223600000,212800000,1587800000,2213100000,1.050751879699248,14.709112583190025
UTGN,2016-12-31,FY,1456285,92466061,402101353,27837233,0.015749400204254402,40.845070422535215
CALX,2016-12-31,FY,-27402000,212964000,355475000,458787000,-0.12866963430438946,-21.71052784305532
FCN,2016-12-31,FY,85520000,1207358000,2225368000,1810394000,0.07083234632975471,-3.612296660030103
AP,2016-12-31,FY,-79809000,147918000,565889000,331866000,-0.5395489392771671,-23.219814789947765
SRCL,2016-12-31,FY,207899000,2805737000,6980061000,3562342000,0.07409782171315415,-10.350736884462552
AXTI,2016-12-31,FY,4966000,135911000,154246000,81349000,0.03653861718330378,77.55101305998564
CHH,2016-12-31,FY,139371000,-311349000,852468000,924641000,-0.4476359326671998,40.325496464230866
MVIS,2016-12-31,FY,-16472000,7474000,20106000,12849000,-2.203906877174204,26.356592514173894
WST,2016-12-31,FY,143600000,1117500000,1716700000,1509100000,0.12850111856823265,17.366478562054695
ATEC,2016-12-31,FY,-29925000,-41504000,94188000,120248000,0.7210148419429453,-17.391302416268616
UBOH,2016-12-31,FY,5521000,72558000,633119000,21627000,0.07609085145676563,3.665654045538381
VNDA,2016-12-31,FY,-18010000,131330000,210374000,146017000,-0.13713546029087031,-2.564106169380135
ALV,2016-12-31,FY,561600000,3677200000,8234400000,10073600000,0.152724899379963,11.571559848997326
PBSV,2016-10-31,FY,-256575,21810161,23997701,19536715,-0.011764012195966825,-52.63157960780771
WEYS,2016-12-31,FY,16993000,201588000,268240000,296933000,0.08429569220390103,-3.1290775171841667
NANX,2016-12-31,FY,-1283000,2791000,4842000,10720000,-0.4596918667144393,-27.77778329672615
BRC,2017-01-31,Q2,47850000,634892000,1003136000,548177000,0.30146859623369016,5.639623487789925
UNL,2016-12-31,Q3,-8317,19876,24339,9282,-1.673777420004025,-15.779810766510947
EPM,2016-12-31,Q2,4124409,68586678,87087102,16123757,0.2405370325706692,-27.894737845972966
NNN,2016-12-31,FY,239506000,3916799000,6334151000,533647000,0.061148402049735,-2.81658397907985
SMLR,2016-12-31,FY,-2554000,-2919000,3072000,7434000,0.8749571771154505,451.7241197874095
SLNM,2016-12-31,Q3,-7127000,-7334000,1640000,3516000,3.887101172620671,-6.63636086548654
MITL,2016-12-31,FY,-217300000,382900000,1561400000,987600000,-0.5675110995037869,19.102745643599064
IDCC,2016-12-31,FY,305480000,739709000,1727853000,665854000,0.41297320973517965,-15.995587154910876
KAMN,2016-12-31,FY,58854000,565787000,1426286000,1808376000,0.1040214780473924,19.37512489283015
PTCT,2016-12-31,FY,-142110000,119583000,269345000,82705000,-1.188379619176639,48.53073005427876
RLJE,2016-12-31,FY,-21874000,12688000,135980000,80238000,-1.7239911727616646,151.99314660913268
WY,2016-12-31,FY,1027000000,9180000000,19243000000,6365000000,0.11187363834422658,16.13964958060948
TILE,2017-01-01,FY,54162000,340729000,839573000,958617000,0.15895917283236824,33.77659914449323
CESX,2016-12-31,FY,-387038,-286885,9420142,16166777,1.3491050420900361,-94.44444478937872
LTRE,2016-12-30,Q1,-379000,-10553000,27620000,18552000,0.14365583246470198,-9.615384968074835
PYPL,2016-12-31,FY,1401000000,14712000000,33103000000,10842000000,0.0952283849918434,82.90683912194294
HADV,2016-10-31,Q1,-6769,-166164,0,0,0.16294744950771528,-98.34254142111308
GRBK,2016-12-31,FY,35173000,384572000,540984000,380328000,0.09146011670116388,13.567843289933004
ACUR,2016-12-31,FY,-7388000,1183000,8208000,423000,-6.245139475908707,-51.92142674223496
SCI,2016-12-31,FY,177305000,1092713000,12038149000,3031137000,0.16226127080029248,29.538356079950283
DD,2016-12-31,FY,2525000000,9998000000,39964000000,24594000000,0.2525505101020204,23.645832276672454
TSN,2016-12-31,Q1,594000000,9550000000,22257000000,9182000000,0.2487958115183246,29.54617661035935
IVZ,2016-12-31,FY,868300000,7503800000,25734300000,4734400000,0.11571470454969482,18.137732153247967
SRTS,2016-12-31,FY,-346448,15274179,18947080,14811175,-0.022681939238763667,-1.5267161679471504
OSUR,2016-12-31,FY,19720000,185850000,207935000,106924000,0.10610707559860103,114.56201015017604
PLUS,2016-12-31,Q3,40066000,333795000,736678000,996622000,0.48012702407166075,29.376338835685484
NL,2016-12-31,FY,16693000,177920000,384992000,108920000,0.09382306654676259,67.64705882352942
LULU,2017-01-29,FY,303381000,1359973000,1657541000,2344392000,0.22307869347406162,18.223953584446758
TSQ,2016-12-31,FY,23293000,390051000,1080705000,516866000,0.05971783177071716,-20.24922391411108
INTU,2017-01-31,Q2,-17000000,785000000,4373000000,596000000,-0.08662420382165605,42.09815938447039
AFTM,2016-12-31,Q2,-4366717,-5950956,1907177,103225,2.935136472190351,-68.0555562454241
COF,2016-12-31,Q4,3751000000,47514000000,357033000000,22891000000,0.31578061203013846,12.051309500926696
PRK,2016-12-31,FY,86135000,742240000,7467586000,276258000,0.11604737012287131,-12.472647477602859
OMCL,2016-12-31,FY,603000,431607000,935103000,517944000,0.0013971043101710585,40.988365839210076
CHRW,2016-12-31,FY,513384000,1257847000,3687758000,1439668000,0.4081450287674097,22.29237914059608
PLAB,2017-01-29,Q1,4510000,712476000,987468000,109831000,0.02532015113491542,-25.43859399623516
COLM,2016-12-31,FY,198439000,1560820000,2013894000,2377045000,0.1271376584103228,26.10525833932977
DWCH,2016-12-31,Q1,-2231000,32198000,46403000,8233000,-0.2771600720541649,69.64286003185784
ORA,2016-12-31,FY,93930000,1078425000,2461569000,226299000,0.08709924195006608,20.838841329495143
WLK,2016-12-31,FY,419859000,3523629000,10890253000,5075456000,0.11915527996846433,85.94867704116929
AXGN,2016-12-31,FY,-14411144,14921149,46360478,41107538,-0.9658199914765278,217.97753314661315
WFCF,2016-12-31,FY,401566,9427678,12881307,10308670,0.04259436947252547,48.00000190734863
CSV,2016-12-31,FY,19581000,177989000,885069000,248200000,0.11001241649764873,-9.884337659665233
CAA,2016-12-31,FY,484730000,4207586000,8709044000,88695000,0.11520382471089123,63.35457312245233
AAPL,2016-12-31,Q1,17891000000,132390000000,331141000000,78351000000,0.5405544225394667,45.699520881912015
STX,2016-12-30,Q2,464000000,1523000000,8561000000,5691000000,1.2186474064346684,9.614886454536043
CCK,2016-12-31,FY,583000000,366000000,9599000000,8284000000,1.592896174863388,5.812641387240928
PLX,2016-12-31,FY,-29365000,-9957000,82247000,9199000,2.949181480365572,57.14286200854265
ENZN,2016-12-31,FY,-1126000,10331000,11271000,8377000,-0.10899235311199303,-22.857138478026023
VRSN,2016-12-31,FY,440645000,-1200595000,2334572000,1142167000,-0.36702218483335347,48.0274298995695
CYAN,2016-12-31,Q3,-942000,16959000,29721000,24789000,-0.22218291172828586,-16.80850543604528
FRAF,2016-12-31,FY,8087000,116493000,1127443000,36979000,0.06942048020052707,29.72222777796395
MATR,2016-12-31,FY,-20977000,-7075000,45564000,42097000,2.964946996466431,-28.169014462874166
KMG,2017-01-31,Q2,12227000,154847000,249919000,155566000,0.31584725567818556,68.0954912059121
IIIN,2016-12-31,Q1,4460000,204976000,282557000,93888000,0.08703457965810632,-21.245827542157393
ISCO,2016-12-31,FY,-1079000,3444000,7045000,7165000,-0.3132984901277584,46.788988517958444
AZO,2017-02-11,Q2,515270000,-1827440000,8902630000,4757065000,-1.1278509827956047,-1.7103922612907239
IEHC,2016-12-23,Q3,1197025,14777593,16046404,14522800,0.3240108182706074,45.40983646283129
TTGT,2016-12-31,FY,2419000,117563000,170077000,106625000,0.020576201696111872,63.76470677992877
GLDD,2016-12-31,FY,-8177000,247890000,893588000,767585000,-0.032986405260397755,20.000002119276257
DHX,2016-12-31,Q4,-5398000,103883000,310095000,226970000,-0.20784921498223963,-69.60000038146973
OTTW,2016-12-31,FY,1261098,51936404,230161384,8422985,0.02428158098893408,16.451613101701216
BAH,2016-12-31,Q3,186237000,569713000,3166535000,4222213000,1.3075846961540285,6.746919834972699
HDSN,2016-12-31,FY,10637000,112017000,122470000,105481000,0.09495880089629252,-23.261690407651773
GPC,2016-12-31,FY,687240000,3193728000,8859400000,15339713000,0.21518426115185765,-0.6483270260319289
WKHS,2016-12-31,FY,-19555868,3816974,10239793,6414800,-5.123395653205916,-62.84470257783432
STAF,2016-11-30,Q2,-2720000,8409000,56265000,94887000,-1.2938518254251397,-33.33333333333333
MCFT,2017-01-01,Q2,11014000,2817000,84516000,111823000,15.639332623358182,51.77594803465251
BRKR,2016-12-31,FY,154500000,686400000,1808400000,1345400000,0.22508741258741258,59.036143726409485
MKC,2016-11-30,FY,472300000,1638100000,4635900000,4411500000,0.28832183627373176,11.973690969021813
COP,2016-12-31,FY,-3559000000,34974000000,89772000000,23693000000,-0.10176130840052611,8.456824200119573
FULO,2016-12-31,FY,-5958,-1131350,138082,60134,0.005266274804437177,300.0
OFIX,2016-12-31,FY,3056000,263477000,372103000,409788000,0.01159873537348611,53.95441216511616
GFMH,2017-01-31,Q3,24855,377413,421805,250000,0.2634249482662229,46.15384822039032
AMP,2016-12-31,FY,1314000000,6292000000,139821000000,11735000000,0.20883661792752703,51.51542559914621
VBFC,2016-12-31,FY,13513000,43614000,444802000,15989000,0.3098317054156922,14.794002781728603
SODI,2016-11-30,Q3,-1490000,7886000,8864000,5833000,-0.7557697184884605,12.466125501728955
TTEK,2017-01-01,Q1,26589000,872571000,1800423000,668851000,0.12188807558353418,12.631582516675804
HSY,2016-12-31,FY,720044000,785856000,5524333000,7440181000,0.9162543773922958,9.22825648215895
PMT,2016-12-31,FY,75810000,1351114000,6357502000,272088000,0.05610925502955339,-3.075996569533384
PURE,2017-01-31,Q2,-2679000,3903000,6108000,978000,-2.7455803228285935,5.68181956725673
FOLD,2016-12-31,FY,-200042000,360151000,1036845000,4958000,-0.5554392463161285,180.5068230469429
AEHR,2016-11-30,Q2,-2207000,3660000,13930000,9534000,-2.4120218579234973,-12.709033887253849
JOB,2016-12-31,Q1,51000,24778000,46260000,19856000,0.008233110016950521,-36.81818383784329
HAYN,2016-12-31,Q1,-672000,307721000,647069000,93355000,-0.008735185443957351,-26.186088004068075
FI,2016-12-31,FY,-156079000,1311319000,1588061000,90162000,-0.11902443265139909,22.163228392550344
SPGI,2016-12-31,FY,2228000000,650000000,8669000000,5661000000,3.4276923076923076,56.28747564386698
SCIE,2016-12-31,FY,-4466567,-10546033,1386367,5150,0.42353053513107725,-93.33333355969646
THRM,2016-12-31,FY,76598000,460405000,843030000,917600000,0.16637091256611028,-6.480119921944216
AXDX,2016-12-31,FY,-66374000,77816000,82852000,246000,-0.8529608306774956,25.059665871121716
ASPS,2016-12-31,FY,31386000,60789000,689212000,997303000,0.516310516705325,4.089220806947457
FGBI,2016-12-31,FY,14093000,124349000,1500946000,58532000,0.1133342447466405,14.155248398702522
ATRI,2016-12-31,FY,27581000,162988000,182593000,143487000,0.16922104694824158,25.51751258895671
BWFG,2016-12-31,FY,12350000,145895000,1628919000,60990000,0.08464991946262723,7.145088830078144
XENE,2016-12-31,FY,-22997000,63901000,67487000,1803000,-0.3598848218337741,-64.01273780886824
CASY,2017-01-31,Q3,147407000,1215506000,2976379000,5660127000,0.48508851457746816,7.04960693346617
PKG,2016-12-31,FY,449600000,1759800000,5777000000,5779000000,0.25548357767928176,41.82353300206801
SFDL,2016-12-31,FY,5924656,71112274,812681569,28387623,0.08331411255390314,25.199996948242188
USNU,2016-12-31,FY,536000,2894000,8244000,3212000,0.1852107809260539,25.925922246627014
DCO,2016-12-31,FY,25261000,212103000,515429000,550642000,0.11909779682512742,8.629248502469174
HLI,2016-12-31,Q3,74267000,718967000,1093454000,614991000,0.41318725337880596,43.629470472849405
HLIT,2016-12-31,FY,-72314000,270641000,554069000,285260000,-0.2671952882231443,-20.000003633045015
MLSS,2016-12-31,FY,-7294489,8500223,13550650,10482005,-0.8581526625830875,-9.230769936149668
KFS,2016-12-31,FY,522000,56006000,501021000,176630000,0.009320429953933507,-18.548381514653283
BPTH,2016-12-31,FY,-6750000,8240000,12196000,13000,-0.8191747572815534,-84.0
WEN,2017-01-01,FY,129624000,527736000,3939314000,920758000,0.24562281140570286,22.354694358753516
SBRA,2016-12-31,FY,70276000,1015574000,2265919000,260526000,0.06919830558876064,-23.761170520138293
MATX,2016-12-31,FY,80500000,471500000,2015500000,1941600000,0.17073170731707318,-17.294903996085495
CACI,2016-12-31,Q2,79083000,1695824000,3897165000,2130810000,0.18653586692958704,6.43346017495886
LKQ,2016-12-31,FY,463975000,3442949000,8303199000,8584031000,0.13476092733293465,31.06670083461714
DRI,2016-11-27,Q2,189700000,1853400000,4461900000,3356900000,0.40940973346282505,8.535097433446097
RGIN,2016-09-30,FY,-1089902,-1468008,359833,0,0.7424360085231143,50.37593219785119
NVEE,2016-12-31,FY,11607000,148161000,223659000,223910000,0.07834045396561848,58.10219423614279
MRAM,2016-12-31,FY,-16708000,26871000,41472000,26611000,-0.6217855680845521,-1.7038022606955572
III,2016-12-31,FY,-6378000,57036000,235122000,216499000,-0.11182411108773406,13.315217408909689
CDE,2016-12-31,Q4,55352000,768487000,1318909000,665777000,0.28810897256557366,-22.997944802425895
HWKN,2017-01-01,Q3,18345000,217343000,414741000,364975000,0.33762301983500737,-34.5116264875545
KFRC,2016-12-31,FY,32773000,121736000,365421000,1319706000,0.26921370835250047,6.991523694320878
IPWR,2016-12-31,FY,-10981091,7239962,9001276,1628740,-1.5167332369976527,-54.920635526142426
APO,2016-12-31,FY,970307000,835116000,5629553000,1970384000,1.1618829001001059,70.0711417768658
WIRE,2016-12-31,FY,33839000,573109000,657964000,940790000,0.059044614549762786,8.593755255320332
FORM,2016-12-31,FY,-6557000,401056000,618982000,383881000,-0.01634933774834437,37.88545455981504
ALGT,2016-12-31,FY,219590000,473622000,1671576000,1362831000,0.4636397802466946,-6.833236415682102
LMAT,2016-12-31,FY,10590000,87500000,101924000,89151000,0.12102857142857143,26.198972375271268
PLSE,2016-12-31,FY,-9518000,25298000,26314000,0,-0.37623527551585106,263.6363823384801
MRIN,2016-12-31,FY,-16480000,87598000,107093000,99878000,-0.18813214913582502,-34.821426746796504
HRI,2016-12-31,FY,-19700000,317700000,3463300000,68200000,-0.06200818382121498,55.9013965344577
FITB,2016-12-31,FY,1560000000,16205000000,142177000000,4193000000,0.09626658438753471,12.162665465142762
TER,2016-12-31,FY,-43421000,1828659000,2762493000,1453248000,-0.023744722225412174,64.97242047434364
AEL,2016-12-31,FY,83243000,2291595000,56053472000,2220282000,0.036325354174712374,36.82101867707109
AMWD,2017-01-31,Q3,53851000,328044000,490359000,771511000,0.6566314274914341,90.58989152329227
SFBC,2016-12-31,FY,5378000,60275000,588383000,25050000,0.08922438822065533,23.26086952014772
MADI,2016-12-31,FY,-23278,2000,2000,0,-11.639,111.4093886844155
MSM,2016-12-03,Q1,54103000,1134032000,1999479000,686271000,0.19083412108300296,-0.7032187392880612
TBPH,2016-12-31,FY,-190669000,350231000,639254000,17603000,-0.5444092613161028,-14.184617262620192
MPWR,2016-12-31,FY,52720000,431116000,511126000,388665000,0.12228727303092439,34.38583876345592
GMS,2017-01-31,Q3,34614000,499284000,1394727000,1704169000,0.2773091066407095,16.756032085899207
FEIM,2017-01-31,Q3,-1392000,93144000,112799000,38118000,-0.05977840762690028,-16.06497965007038
MDLZ,2016-12-31,FY,1669000000,25161000000,61538000000,25923000000,0.06633281666070506,-4.570789981728578
HZO,2016-12-31,Q1,2643000,315530000,586132000,226875000,0.033505530377460145,-2.577319638307702
SMP,2016-12-31,FY,60430000,441028000,768697000,1058482000,0.13702077872606727,-16.41540995713382
IRMD,2016-12-31,FY,7214545,31889125,37194484,32496548,0.22623841199782058,35.2678560404753
EWBC,2016-12-31,FY,431677000,3427741000,34788840000,1137481000,0.12593629448666047,19.838463046697203
BMRN,2016-12-31,FY,-630210000,2766275000,4023690000,1110381000,-0.22781899847267534,3.8793126434288903
DDD,2016-12-31,FY,-39265000,629873000,849153000,380383000,-0.062337963367218474,-36.88823514864676
SBUX,2017-01-01,Q1,751500000,5796600000,14017300000,5732900000,0.5185798571576441,3.7579076574450005
AWRE,2016-12-31,FY,4103000,57841000,61984000,1749000,0.07093584135820612,-26.82926942733409
SAIA,2016-12-31,FY,48024000,483078000,800370000,1218481000,0.09941251723324183,57.57237771856643
NOVT,2016-12-31,FY,22003000,258870000,425637000,384758000,0.08499633020434967,132.01856969912393
VFC,2016-12-31,FY,1074106000,4940921000,9739287000,11902314000,0.21738983481014976,38.57677555971163
UNF,2016-11-26,Q1,28214000,1389772000,1724785000,386108000,0.0812046868119375,11.579324686181709
BLCM,2016-12-31,Q4,-69241000,96574000,132037000,388000,-2.867894050158428,-39.4528422104922
HMMR,2017-01-31,Q2,-2471554,2623717,6522839,38014,-3.768019188045052,-69.75609849138958
NFLX,2016-12-31,FY,186678000,2679800000,13586610000,8830669000,0.06966116874393612,50.56867984183951
LEA,2016-12-31,FY,1040500000,3057200000,9900600000,18557600000,0.3403441057176501,32.90701632238153
PCRX,2016-12-31,FY,-37949000,218976000,391466000,270073000,-0.17330209703346486,31.366910865838577
FNRN,2016-12-31,FY,8051000,92298000,1166763000,35967000,0.08722832564085896,38.54166473562996
DEWY,2016-12-31,Q2,-567162,1607856,3703814,1424425,-1.410977102427083,-23.404254239843418
PXD,2016-12-31,FY,-556000000,10404000000,16459000000,2418000000,-0.05344098423683199,-7.368702867229404
ANIP,2016-12-31,FY,3934000,169648000,322864000,128622000,0.023189191738187304,5.19013622771333
CABO,2016-12-31,FY,98939000,454511000,1397271000,819625000,0.21768230031836414,13.505794478980516
TISI,2016-12-31,FY,-12676000,535637000,1147418000,1196696000,-0.023665280777840216,-60.84099868593955
SLG,2016-12-31,FY,278911000,7324475000,15857787000,1863981000,0.038079316264988276,-7.002671554286567
RYMM,2017-01-31,Q3,-829427,-2550482,79727,0,1.3008160810387996,-38.57142838136274
SUPN,2015-09-30,Q3,7092000,78587000,166641000,100914000,0.3609757339000089,90.16394022072905
IDT,2017-01-31,Q2,23552000,138335000,459366000,736707000,0.68101348176528,-43.02083778298545
AJG,2016-12-31,FY,445000000,3596600000,11489600000,5594800000,0.12372796530056164,21.13322501170734
JBSS,2016-12-29,Q2,23065000,219701000,405691000,471668000,0.4199343653419875,-9.052092822342724
ATOS,2016-12-31,FY,-6368885,3097106,4144372,0,-2.056398780022382,-81.69014250042646
MTZ,2016-12-31,FY,134035000,1096531000,3183132000,5134703000,0.12223548627444185,34.848489784440176
GHM,2016-03-31,FY,6131000,109380000,143131000,90039000,0.0560522947522399,17.127071188076073
HUM,2016-12-31,FY,614000000,10685000000,25396000000,969000000,0.057463734206832005,25.53514830120592
PBPB,2016-12-25,FY,8436000,123485000,175445000,404874000,0.06831598979633154,-8.424905865705046
EMYB,2016-12-31,FY,7148000,73278000,924233000,30322000,0.09754633041294795,18.081179149653316
FRTG,2016-12-31,Q2,-6940,-8238,3350,0,3.369749939305657,-26.806478094364206
CVGW,2017-01-31,Q1,5221000,219165000,347025000,226554000,0.09528893755846052,57.323691139754985
ASGN,2016-12-31,FY,97201000,868939000,1752667000,2440413000,0.11186170720844617,44.0385436610579
DTE,2016-12-31,FY,834000000,9011000000,32041000000,10630000000,0.09255354566640772,11.455048420010318
CODI,2016-12-31,FY,56530000,856405000,1777155000,789312000,0.06600848897425868,-7.377041149745635
CNK,2016-12-31,FY,256827000,1261818000,4306633000,2918765000,0.20353727716675463,-11.892714343367732
MTN,2017-01-31,Q2,96110000,1477903000,3982467000,903463000,0.26012532622235696,29.281807713810075
TZOO,2016-12-31,FY,6631000,18064000,53530000,128552000,0.3670837023914969,-35.50000190734863
LVS,2016-12-31,FY,2016000000,6177000000,20469000000,11410000000,0.32637202525497816,30.30188538884446
WSR,2016-12-31,FY,-496981,-526712,36820,0,0.9435535928552985,0.5582688355337055
PCSV,2016-12-31,Q3,-1725464,-2057727,715778,1378544,3.354116459569224,-60.0000014901161
XEL,2016-12-31,FY,1123379000,11020849000,41155277000,11106920000,0.10193216511722464,18.439197132985402
ABAX,2016-12-31,Q3,25166000,259161000,293991000,169020000,0.3884226407522737,-7.663622093036075
PRSS,2016-12-31,FY,-26470000,44468000,62920000,102208000,-0.595259512458397,-37.86532127946807
PDCO,2017-01-28,Q3,109202000,1386075000,3594062000,4148095000,0.3151402341143156,-8.36585440286776
FCPT,2016-12-31,FY,156850000,470117000,937151000,18394000,0.3336403491045846,25.857006204300575
BBW,2016-12-31,FY,1377000,99112000,199595000,357593000,0.013893373153604003,-35.888504775615395
IMMR,2016-12-31,FY,-39381000,55340000,103767000,57086000,-0.7116190820383086,-34.26443116167302
EGHT,2016-12-31,Q3,-1826000,282275000,323848000,13738000,-0.025875476042866,-3.4246574447669085
STLD,2016-12-31,FY,360006000,2927020000,6423732000,7607180000,0.12299403488872641,19.110748850059956
HL,2016-12-31,FY,69547000,1479844000,2371677000,645957000,0.0469961698665535,-27.818181297995825
CHE,2016-12-31,FY,108743000,524099000,880059000,1576881000,0.2074856086350098,49.91055663282926
ASB,2016-12-31,FY,200274000,3091312000,29139315000,791568000,0.0647860843551217,1.803602572466632
TWER,2016-12-31,FY,-20436496,-2853458,34392837,26895613,7.16201044487075,-78.97950361044373
MGRC,2016-12-31,FY,38251000,394287000,1128276000,74410000,0.09701308945007063,23.339457479746002
SPWH,2017-01-28,FY,29669000,30001000,346248000,779956000,0.9889337022099264,-30.758992665978056
NSPR,2016-12-31,FY,-8461000,4045000,9410000,1894000,-2.091718170580964,-94.49152542372882
FATE,2016-12-31,FY,-33462000,73154000,95048000,4402000,-0.45741859638570687,127.13754660019545
GME,2017-01-28,FY,353200000,2254100000,4975900000,8607900000,0.15669224967836387,-29.445826093349332
WAYS,2016-12-31,FY,-1232819,-827723,1954442,30691,1.4894101045881292,-39.63782788838395
VRTC,2016-12-31,Q2,-284920,-3501842,186774,159540,0.3254515766273864,-70.00000111758708
BLIN,2016-12-31,Q1,-408000,12075000,18359000,2026000,-0.1351552795031056,-26.36363636363636
LTBR,2016-12-31,FY,-6345176,5557590,6802375,760577,-1.1417135844853614,6.08695754331841
CMRX,2016-12-31,FY,-76390000,276224000,286770000,5702000,-0.27655091519925856,1.9823822322491063
BLFS,2016-12-31,FY,-8041372,3166140,7926614,8226992,-2.539803040926807,270.3703692802077
TSBK,2016-12-31,Q1,3147000,99634000,923751000,9163000,0.1263424132324307,30.723781069428153
ABBV,2016-12-31,FY,5953000000,4636000000,66099000000,25638000000,1.284081104400345,54.959140075182724
UGI,2016-12-31,Q1,290900000,2987700000,11300500000,1679500000,0.3894634668808783,2.3767992544288252
REGN,2016-12-31,FY,895522000,4449245000,6973466000,3338390000,0.2012750477890069,-0.984993582226666
UNTY,2016-12-31,FY,13200000,106300000,1189906000,47024000,0.12417685794920037,26.198086143178877
AVNW,2016-12-30,Q2,1121000,54381000,156918000,80682000,0.08245526930361707,9.689082863196488
MPX,2016-12-31,FY,16745000,65445000,88527000,241330000,0.25586370234548095,-9.58126591092885
EGRX,2016-12-31,FY,81453000,151226000,214320000,40646000,0.5386176980148916,-33.31669234559643
TLCC,2016-12-31,FY,-684000,1766000,92826000,86323000,-0.3873159682899207,1.6666650109821552
ELSE,2016-12-31,FY,202000,12320000,13058000,7087000,0.016396103896103895,15.714291163853236
CMP,2016-12-31,FY,162700000,717100000,2466500000,1138000000,0.226886068888579,-8.31218629199241
UVV,2016-12-31,Q3,76056000,1441946000,2226929000,1421188000,0.21098154854620077,-17.582418569538845
EXEL,2016-12-31,FY,-70222000,89318000,597541000,135375000,-0.7862021093172709,106.38153810773917
ZOES,2016-12-26,FY,1803000,129966000,215219000,275963000,0.01387285905544527,-31.43198746186444
RMSL,2014-12-31,FY,-451495,-3428014,0,0,0.1317074551037423,-89.99999960263571
PXLW,2016-12-31,FY,-11107000,19049000,30857000,53390000,-0.5830752270460392,120.55749742557768
RARE,2016-12-31,FY,-245874000,473974000,540626000,133000,-0.5187499736272454,-33.71444867948344
EDGW,2016-12-31,FY,-2834000,75774000,104805000,126522000,-0.03740069153007628,-17.021279428921556
ECPG,2016-12-31,FY,16817000,559304000,3670497000,1029258000,0.03006772703216855,43.93161871494391
SKX,2016-12-31,FY,285359000,1603633000,2393670000,3563311000,0.1779453278898601,52.02893162112836
ATOS,2016-03-31,Q1,-2327540,3773186,5100021,0,-2.467453234481417,-84.50980486265438
MGNX,2016-12-31,FY,-58528000,268751000,311263000,91880000,-0.21777779431518393,-4.137233640010363
CVX,2016-12-31,FY,-431000000,145556000000,260078000000,110215000000,-0.0029610596608865315,6.228259704981635
LE,2017-01-27,FY,-109782000,271412000,1114391000,1335760000,-0.4044846948550543,19.607836659651653
OMEX,2016-12-31,FY,-9078075,-18987318,5083665,7057,0.4781125485969108,9.275360255651057
NTWK,2016-12-31,Q2,-1289212,63521466,92627643,12790801,-0.0811827611157463,-12.777778611752217
RS,2016-12-31,FY,309100000,4148800000,7411300000,8613400000,0.07450347088314693,6.690706390246216
CRAI,2016-12-31,FY,14233000,207220000,323642000,324779000,0.06868545507190425,23.658879366779118
PTEN,2016-12-31,FY,-318634000,2248724000,3804606000,915866000,-0.1416954681855132,-16.961382211753563
BOKF,2016-12-31,FY,232281000,3274854000,32772281000,829117000,0.07092865819361718,12.819256542883947
MMEX,2015-10-31,Q2,-3232634,-3850963,3473,0,3.3577409079235507,-75.5
MWA,2016-12-31,Q1,6700000,422100000,1228400000,167200000,0.06349206349206349,-7.459381327380828
ABG,2016-12-31,FY,167200000,279700000,2336100000,778500000,0.5977833392920987,2.4
TACT,2016-12-31,FY,3617000,24109000,32042000,57235000,0.1500269608859762,97.76119965969482
CGA,2016-12-31,Q2,0,368177809,403976307,120629635,0.0,0.8130073421291051
CECO,2016-12-31,FY,-18712000,321503000,559601000,704392000,-0.058201634199369835,-63.435493855461985
EPR,2016-12-31,FY,224982000,2185901000,4865022000,493242000,0.10292414889786866,-8.931550381549346
MELI,2016-12-31,FY,136366000,428854000,1367435000,844396000,0.3179776800496206,95.41671550925757
AMSC,2016-12-31,Q3,-20448000,63793000,110241000,59000000,-1.2821469440220714,-51.07816607659675
CVS,2016-12-31,FY,5319000000,36830000000,94462000000,177526000000,0.14442030953027424,-9.769755598252313
NTCT,2016-12-31,Q3,10981000,2397885000,3512897000,525472000,0.01831780923605594,-4.992195045892416
ALSN,2016-12-31,FY,214900000,1080300000,4218600000,1840200000,0.19892622419698233,27.200233072816328
QUIK,2017-01-01,FY,-19148000,11988000,21844000,11421000,-1.597263930597264,38.095246333435696
ALLE,2016-12-31,FY,231200000,113300000,2247400000,2238000000,2.040600176522507,22.9675445305493
NNUP,2016-12-31,FY,258500,-179600,558000,1383500,-1.4393095768374164,55.9999942779541
BRT,2016-12-31,Q1,32302000,170643000,849074000,25640000,0.7571831250036626,42.391308479213066
SELF,2016-12-31,FY,384135,40550196,61648625,4976364,0.009473073816955163,0.0
CRI,2016-12-31,FY,258106000,788124000,1946597000,3199184000,0.3274941506666464,35.13917019148077
NKE,2016-11-30,Q2,2091000000,12323000000,22652000000,17241000000,0.6787308285320133,20.551230234161615
RGBP,2016-12-31,Q1,-2524579,-156121,706658,0,64.68262437468374,-30.232561213979025
WTI,2016-12-31,FY,-249020000,-659037000,829726000,399986000,0.37785435415613994,16.14035275577588
ZG,2016-12-31,FY,-220438000,2533587000,3149677000,846589000,-0.08700628792301192,8.98876542092346
NYT,2016-12-25,FY,23832000,847815000,2185395000,1555342000,0.028109906052617612,35.53113931875653
VIDE,2016-11-30,Q3,-815000,7649000,12420000,7828000,-0.42619950320303307,-9.243698236624217
OTEX,2016-12-31,Q2,957945000,3489596000,6882191000,1034373000,1.0980583425703148,15.962281871029626
IRTC,2016-12-31,FY,-20903000,92562000,138156000,64072000,-0.2258270132451762,86.89563075968888
DBO,2016-12-31,FY,47793178,452757654,453548425,1235732,0.10556017679162195,7.293864456669263
VSEC,2016-12-31,FY,26793000,255194000,661839000,341776000,0.10499071294779658,21.683420184790457
GIS,2017-02-26,Q3,1285500000,4063400000,21670300000,11813200000,1.2654427326869124,-11.611610350240003
MCK,2016-12-31,Q3,1530000000,7692000000,57874000000,149820000000,0.7956318252730109,5.77901695430291
MAT,2016-12-31,FY,318022000,2407782000,6493794000,5456650000,0.1320808943666827,-45.997189741410935
FICO,2016-12-31,Q1,37901000,421906000,1224398000,219600000,0.35933122543884183,27.486060815995405
HBNC,2016-12-31,FY,23912000,340855000,3141156000,106529000,0.07015299760895395,-1.0324024840889343
PAVM,2016-12-31,FY,-5650851,-319067,870419,0,17.710546687686286,-66.61309146384785
SGC,2016-12-31,FY,14638000,110550000,196848000,252596000,0.1324106739032112,42.98714479716553
FL,2017-01-28,FY,664000000,2710000000,3840000000,7766000000,0.24501845018450186,-24.042989482623245
RM,2016-12-31,FY,24031000,207475000,712224000,240518000,0.11582600313290758,-1.6816171864369838
IESC,2016-12-31,Q1,3924000,228211000,391992000,192178000,0.06877845502626954,-12.658227848101266
SND,2016-12-31,FY,10379000,142442000,173452000,59231000,0.07286474494882128,-48.51367417041673
RMBS,2016-12-31,FY,6820000,552782000,783496000,71983000,0.012337594205310592,0.4237317815202162
OFED,2016-12-31,Q2,2591000,83907000,482078000,8642000,0.12351770412480484,22.12766282101895
TPHS,2016-12-31,FY,-7436000,28025000,85601000,1856000,-0.2653345227475468,-25.26882078788469
INIS,2016-12-31,FY,-1895543,1705972,11379265,6552149,-1.1111219879341514,-33.33333333333333
AMGN,2016-12-31,FY,7722000000,29875000000,77626000000,21892000000,0.25847698744769876,15.3718561837072
FFWM,2016-12-31,FY,23303000,284264000,3975403000,100642000,0.08197661328905524,30.88599340244538
SPSC,2016-12-31,FY,5710000,249267000,298365000,193295000,0.02290716380427413,-30.07626759775512
MAXD,2016-12-31,FY,-11187248,-10637063,351591,0,1.0517233939481228,-89.9224809349612
OPY,2016-12-31,FY,491000,510703000,2236930000,857779000,0.0009614198467602501,43.699730751911616
FRME,2016-12-31,FY,81051000,901657000,7211611000,253312000,0.08989116704023814,11.564988122328131
ARTW,2016-11-30,FY,-821334,17476279,27242590,21557649,-0.04699707529274395,-17.53845948439378
HST,2016-12-31,FY,771000000,6994000000,11408000000,5430000000,0.11023734629682586,3.7637284489785214
BERY,2016-07-02,Q3,159000000,155000000,7805000000,4871000000,4.103225806451613,47.809174935470594
WYY,2016-12-31,FY,-4133912,28276651,47227668,78420864,-0.14619524780356769,-25.287354683872852
LCUT,2016-12-31,FY,15720000,197728000,399854000,592619000,0.07950315585046124,-5.714285714285714
REVG,2017-01-28,Q1,-13303000,277769000,942197000,442937000,-0.1915692535884134,20.66277280012243
AIZ,2016-12-31,FY,565350000,4098100000,29709128000,7531780000,0.1379541738854591,7.139814487046039
VRTS,2016-12-31,FY,48763000,321673000,824388000,322554000,0.1515918339431659,-5.3865094609826425
BXC,2016-12-31,FY,16085000,-29841000,444137000,1881043000,-0.5390234911698669,26.75325286551272
KEQU,2017-01-31,Q3,3225000,40318000,73645000,103979000,0.3199563470410239,15.873015392454379
SEIC,2016-12-31,FY,333817000,1303114000,1636823000,1401545000,0.25616868516492036,43.06191770901264
VNRX,2016-12-31,FY,-11905278,21175110,24732768,0,-0.5622298065984073,-38.622127752938226
ADUS,2016-12-31,FY,12024000,158928000,231030000,400688000,0.07565690123829659,-3.198891520092631
LANC,2016-12-31,Q2,72356000,559483000,691458000,618134000,0.5173061558617509,-8.807957874586087
FDP,2016-12-30,FY,225600000,1791800000,2653300000,4011500000,0.12590690925326486,-21.375561060290778
RKDA,2016-12-31,FY,-19624000,22198000,56574000,669000,-0.8840436075322101,-69.44444444444444
PPSI,2016-12-31,FY,-1063000,26199000,77408000,114402000,-0.04057406771250811,26.866666475931805
CAH,2016-12-31,Q2,634000000,6323000000,35021000000,65189000000,0.40107543887395225,-17.73630814147937
LPSN,2016-12-31,FY,-25873000,138476000,219638000,222779000,-0.186841041046824,54.36242005936847
SIF,2016-12-31,Q1,-2609000,57111000,128140000,31473000,-0.1827318730192082,-8.275860753552667
EXPE,2016-12-31,FY,261285000,4132301000,15777546000,8773564000,0.06322990508193861,6.519027074443456
UHT,2016-12-31,FY,17215000,191277000,524750000,67081000,0.09000036596140676,14.496954813165312
WSM,2017-01-29,FY,305387000,1248220000,2476879000,5083812000,0.24465799298200638,12.323871092271792
AXP,2016-12-31,FY,5408000000,20501000000,158893000000,7475000000,0.2637920101458465,31.7982741468823
PDM,2016-12-31,FY,107887000,2177000000,4449347000,555715000,0.04955764813964171,-6.75225882039878
TCX,2016-12-31,FY,16067154,37817086,154413372,189818932,0.42486494067787245,92.18107430873135
NBN,2016-12-31,Q2,4851000,114942000,1012659000,26589000,0.16881557655165214,73.4082318878679
HTLF,2016-12-31,FY,80349000,740916000,8247079000,326479000,0.10844549179664091,12.473795949207426
THR,2016-12-31,Q3,11635000,299753000,445872000,196548000,0.1552611650258713,20.519352402676656
VASO,2016-12-31,FY,820000,12911000,57381000,4617000,0.06351173418015646,-58.333331781129004
MAC,2016-12-31,FY,554839000,4105887000,9958148000,1041271000,0.13513255479266723,-7.466896028598296
VOYA,2016-12-31,FY,-398700000,12993900000,214235100000,10782200000,-0.030683628471821392,24.578197837447973
PSSR,2016-10-31,FY,434648,12327187,19883484,14892495,0.03525930125015545,-24.225349483024562
ASTC,2016-12-31,Q2,-6121000,22341000,24187000,1526000,-1.0959222953314534,-53.79310344827586
COLL,2016-12-31,FY,-94176000,134908000,162017000,1711000,-0.6980757256797224,17.729583706571937
RSG,2016-12-31,FY,613200000,7691300000,20629600000,9387700000,0.0797264441641855,18.885180024938073
PPC,2016-12-25,FY,439729000,887344000,3008218000,7931123000,0.49555640202672246,64.93439020810226
AC,2016-12-31,FY,10469000,874022000,952603000,31227000,0.011977959364867246,1.1869445653795017
RMR,2016-12-31,Q1,60200000,141335000,392667000,105294000,1.7037534934729544,46.05911691070395
OFLX,2016-12-31,FY,14546000,45679000,70562000,94051000,0.3184395455242015,32.70767857209951
MSFG,2016-12-31,FY,38323000,449494000,4080257000,128327000,0.08525809020810067,6.825535687731299
SVTE,2016-11-30,Q1,-166409,-6284,481078,867294,105.92552514322088,-92.00000002328306
RASP,2016-12-31,Q3,-3485803,5773311,9973332,0,-2.4151153471552114,62.162160072298825
STBZ,2016-12-31,FY,47591000,613633000,4224859000,165257000,0.07755612882618763,11.760297003462517
SVU,2016-12-03,Q3,54000000,-258000000,4474000000,9573000000,-0.8372093023255814,-44.79981808951351
FFIV,2016-12-31,Q1,94218000,1194993000,2397095000,239483000,0.31537590596765,-9.378454105557307
BKE,2017-01-28,FY,97961000,430539000,579847000,974873000,0.2275310715173306,4.126215367618757
RDGA,2016-12-31,FY,-29495,-122914,2894,0,0.23996452804399823,-38.787878481371884
BEBE,2016-12-31,Q2,-13009000,115808000,168885000,189169000,-0.44932992539375516,-25.742577062075135
EPC,2016-12-31,Q1,33500000,1778000000,4455200000,485000000,0.07536557930258718,-20.813334147135418
CRSP,2016-12-31,FY,-23202000,232846000,344962000,5164000,-0.09964525909828814,4.355553521050347
CFG,2016-12-31,FY,1045000000,19747000000,149520000000,4266000000,0.052919430799615134,17.066365944562005
STDY,2016-12-31,FY,-25869000,14311000,28158000,1065000,-1.8076304940255747,45.09804379889626
INFU,2016-12-31,FY,-222000,50689000,96344000,8287000,-0.0043796484444356765,-6.122452752980354
RL,2016-12-31,Q3,105000000,3610000000,5966000000,4957000000,0.11634349030470914,14.410245596135383
HTLD,2016-12-31,FY,56386000,505826000,738228000,612937000,0.11147311526097907,13.798146719281343
CREG,2016-12-31,FY,1480035,201565612,264512065,0,0.007342695935653945,84.21052862732698
RHI,2016-12-31,FY,343389000,1086599000,1777971000,5250399000,0.3160218258989747,11.615761231834478
IRBT,2016-12-31,FY,41939000,388956000,507912000,660604000,0.10782453542302986,33.205964760625434
UFI,2016-12-25,Q2,13496000,342175000,550844000,315124000,0.1577672243734931,6.15013876436463
ESMC,2016-12-31,Q2,-460489,1449986,5549911,5494553,-1.2703267479823943,74.99999844779568
GFMH,2016-10-31,Q2,42445,349208,411916,250000,0.4861858834849144,399.9999650754051
WSBF,2016-12-31,FY,25532000,410690000,1790619000,63736000,0.062168545618349606,-8.33333931516136
PEBK,2016-12-31,FY,9177000,107428000,1087991000,39809000,0.08542465651413039,25.73184040438233
BSET,2016-11-26,FY,15829000,180705000,278267000,377196000,0.08759580531805983,33.39012271562511
ICUI,2016-12-31,FY,63084000,660155000,704688000,379339000,0.09555937620710288,46.739133476985714
ESS,2016-12-31,FY,438410000,6192178000,12217408000,1294001000,0.07080061328986344,5.286802668347874
ISRG,2016-12-31,FY,735900000,5777800000,6486900000,2187400000,0.12736681781993145,70.58851724194008
ABCB,2016-12-31,FY,72100000,646437000,6892031000,239065000,0.11153445734077722,10.297482657749295
MCCX,2016-12-31,FY,-1158854,2313351,2506355,1388892,-0.500941707505692,-64.77272681091442
GDOT,2016-12-31,FY,41600000,683733000,1740344000,718774000,0.06084246335923526,155.0148136339513
KWR,2016-12-31,FY,63039000,402760000,692028000,746665000,0.15651752904955804,16.126288947513764
ETBI,2016-03-31,Q1,-697712,-2440926,904812,1085,1.1433562508654502,38.70968439700588
CROX,2016-12-31,FY,-16494000,220383000,566390000,1036273000,-0.0748424334000354,81.8705135282479
KMB,2016-12-31,FY,2219000000,-102000000,14602000000,18202000000,-21.754901960784313,5.324726111656617
FLWS,2017-01-01,Q2,47158000,286768000,619000000,720382000,0.6577860849188194,-0.9259294417005213
WCN,2016-12-31,FY,247321000,5647515000,11193102000,3375863000,0.04379288943898334,34.98668497411651
PETS,2016-12-31,Q3,16316000,89385000,97620000,186144000,0.7301448788946692,94.27839390169662
PH,2016-12-31,Q2,451638000,4527709000,11731613000,5413935000,0.39899914062498276,40.00701336961047
HTBI,2016-12-31,Q2,6807000,367776000,2774240000,44854000,0.07403419472722526,-1.151628582905089
RAIL,2016-12-31,FY,12324000,256914000,339255000,523731000,0.047969359396529576,13.11257941864773
LAZ,2016-12-31,FY,393692000,1235987000,4556508000,2383663000,0.31852438577428405,26.08069349071922
QSR,2016-12-31,FY,955900000,3488600000,19124900000,2204700000,0.27400676489136044,30.80850966433261
UBCP,2016-12-31,FY,3580000,42641000,438018000,16635000,0.0839567552355714,-0.7490665064589109
UNAM,2016-12-31,FY,-1404277,68906640,138222205,35267724,-0.02037941481401502,-20.46511450479197
EEFT,2016-12-31,FY,174098000,899549000,2712872000,1958615000,0.19353920686922002,15.34355250351917
BRID,2017-01-20,Q1,2474000,41383000,89363000,40081000,0.23913201072904333,30.468742497679557
OESX,2016-12-31,Q3,-4996000,42375000,69038000,52286000,-0.47159882005899706,-60.88888910081651
PSTG,2017-01-31,FY,-245066000,478430000,899745000,590001000,-0.5122295842652007,78.9797764845719
NTRS,2016-12-31,FY,1032500000,9770400000,123926900000,1416900000,0.10567632850241546,11.434627476340282
JXSB,2016-12-31,FY,3047909,46245565,319318759,11434984,0.06590705508733648,6.733334859212239
PDEX,2016-12-31,Q2,3480000,12201000,15034000,9728000,1.1408900909761495,36.000003814697266
FARM,2016-12-31,Q2,21694000,205584000,402686000,269513000,0.4220951046774068,-11.432500822051516
RGEN,2016-12-31,FY,11681000,168764000,288913000,104441000,0.06921499845938707,16.46869734699742
UTI,2016-12-31,Q1,-1724000,134143000,282173000,84179000,-0.051407825976756145,-18.08873581277258
RNR,2016-12-31,FY,630048000,4866577000,12352082000,1727837000,0.1294643031436675,-7.559255282145521
SPRS,2016-11-30,FY,-562474,11510274,16763821,29556343,-0.048867125144023506,-6.862744525137968
DSS,2016-12-31,FY,-950003,3284101,18466023,17277172,-0.28927338105618555,172.72727725446723
MDT,2017-01-27,Q3,2860000000,49387000000,97578000000,21794000000,0.2316399052382206,16.237500058531047
FSFG,2016-12-31,Q1,2337000,85117000,822559000,8011000,0.10982529929391309,25.318675506116524
TTWO,2016-12-31,Q3,-31977000,820921000,3089099000,1208192000,-0.15581036421287797,123.03940686031667
CVCO,2016-12-31,Q3,27067000,383979000,582074000,575799000,0.2819633365366335,54.297273760491485
LNN,2017-02-28,Q2,5885000,253556000,490616000,234515000,0.09283945163987442,13.51317564139273
KMI,2016-12-31,FY,721000000,34431000000,80305000000,8146000000,0.020940431587813307,-16.381308725329802
CBT,2016-12-31,Q1,58000000,1186000000,2929000000,611000000,0.19561551433389546,19.894883070281104
ISDR,2016-12-31,FY,1555208,10577898,12860804,12058866,0.1470242953751303,106.17978840430564
ADP,2016-12-31,Q2,879600000,3815100000,39999400000,4114800000,0.922230085712039,13.227055498943235
JKHY,2016-12-31,Q2,121058000,971412000,1718095000,670561000,0.4984826211741259,31.578355144069302
IT,2016-12-31,FY,193582000,60878000,2367335000,346214000,3.1798350799960575,23.32265248665849
PFHO,2016-12-31,FY,566748,5757573,6256616,5687696,0.09843522609266092,35.294117647058826
ISGN,2016-12-31,FY,-3499000,-2012000,888000,325000,1.739065606361829,-53.33333412806193
BBVA,2016-12-31,FY,371523000,12721686000,87079953000,2530459000,0.029203912122968606,23.188404094469316
TAUG,2016-12-31,Q3,-2106574,-2650903,31663,0,3.178651199232865,-82.25805412742787
MHO,2016-12-31,FY,56609000,654174000,1548511000,1691327000,0.08653508088062198,34.6379747674565
BDN,2016-12-31,FY,40501000,1866344000,4099213000,525463000,0.021700715409377905,9.909373852565516
LKFN,2016-12-31,FY,52084000,426978000,4290025000,138951000,0.12198286562773726,2.6895392311147446
RUSHA,2016-12-31,FY,40582000,862825000,2603047000,2640019000,0.047033871294874394,59.2789899531012
ARS,2016-12-31,FY,-75600000,216600000,2389900000,2663900000,-0.3490304709141274,-21.42856838751807
NKTR,2016-12-31,FY,-153524000,88125000,568871000,55354000,-1.7421163120567376,370.60680217058984
FBIO,2016-12-31,FY,-71290000,38495000,170731000,16480000,-1.8519288219249253,42.49999636695498
ESRT,2016-12-31,FY,107250000,1154136000,3890953000,678000000,0.09292665682380585,0.8349708801458128
PM,2016-12-31,FY,7250000000,-12688000000,36851000000,74953000000,-0.5714060529634301,15.806201510842513
XYL,2016-12-31,FY,260000000,2190000000,6474000000,3771000000,0.1187214611872146,37.361520346972256
EFOI,2016-12-31,FY,-16887000,29938000,34978000,30998000,-0.5640657358540985,-45.43429632171413
CRMZ,2016-12-31,FY,52443,3966037,14208823,12814390,0.013223023385813092,-43.54838536011435
ANCB,2016-12-31,Q2,993000,64082000,440911000,9754000,0.06198308417340283,-6.59133728922001
KMX,2016-11-30,Q3,474367000,3015384000,15760067000,11825158000,0.6292624753596888,18.532616222186345
AE,2016-12-31,FY,2513000,151312000,246872000,3410000,0.016608068097705403,8.695650930611688
FN,2016-12-30,Q2,48058000,619665000,945919000,683199000,0.3102192313588794,-28.784115865326225
YUMC,2016-12-31,FY,514000000,2377000000,3727000000,6622000000,0.216238956668069,52.51524697729943
CFNB,2016-12-31,Q2,6148000,191004000,880344000,15797000,0.12875123034072586,-4.2539687383742555
EQBK,2016-12-31,FY,9374000,257964000,2192192000,61799000,0.03633840380828333,8.453286960325515
SCX,2016-12-31,Q2,1822000,96965000,192509000,102100000,0.07516114061774867,-10.041840962444885
GOOG,2016-12-31,FY,19478000000,139036000000,167497000000,90272000000,0.140093213268506,33.10606444389968
MO,2016-12-31,FY,14244000000,12770000000,45932000000,25744000000,1.1154267815191856,5.589245249452332
GLT,2016-12-31,FY,21554000,653826000,1521259000,1604797000,0.03296595730362512,-11.805837083236273
CNMD,2016-12-31,FY,14664000,580576000,1328983000,763520000,0.02525767513641625,15.342844092998506
CTO,2016-12-31,FY,16199414,148275842,408623426,71074861,0.10925187664757958,19.992428933450896
PCYO,2016-11-30,Q1,-337972,68680561,70532657,199098,-0.019683706427499916,41.41414686315312
DEL,2016-12-31,FY,9245000,251193000,554693000,219363000,0.03680436954851449,16.579656787023207
WHG,2016-12-31,FY,22647000,146069000,179678000,123021000,0.15504316453183084,8.54098210569288
WPS,2016-12-31,FY,155700000,1628200000,4808200000,1448200000,0.0956270728411743,16.898487510394737
CNO,2016-12-31,FY,358200000,4486900000,31975200000,3985100000,0.07983240098954734,28.259743034065544
MDEX,2016-12-31,FY,-66089,-273948,57019,221,0.24124651393695154,-37.179998499453085
CNA,2016-12-31,FY,859000000,11969000000,55233000000,9366000000,0.07176873590107778,27.585370132041
LGND,2016-12-31,FY,-1636000,341290000,601585000,22502000,-0.004793577309619385,33.590237207340266
KFY,2017-01-31,Q3,59502000,1065421000,1996551000,1159456000,0.2233933815834304,53.59724648447077
MTDR,2016-12-31,FY,-97057000,690125000,1464665000,264422000,-0.14063684115196523,18.862155502001553
NMIH,2016-12-31,FY,65841000,477349000,841737000,123815000,0.13793052881644247,57.40740462749261
VSH,2016-12-31,FY,49373000,1565517000,3077801000,2323431000,0.03153782424592004,27.692307692307693
SPG,2016-12-31,FY,2134706000,4310448000,31103578000,5435229000,0.49523993793684556,-5.957720904023534
SGRY,2016-12-31,FY,85083000,9677000,2304958000,1145438000,8.792290999276636,-21.935481409872732
OLLI,2017-01-28,FY,59764000,651261000,1039375000,890315000,0.09176658820350059,93.16666920979819
GKOS,2016-12-31,FY,4522000,117274000,134371000,114397000,0.03855927144976721,-23.932388226659075
OC,2016-12-31,FY,399000000,3849000000,7741000000,5677000000,0.10366328916601715,76.94381074167671
MDXG,2016-12-31,FY,11974000,133000000,193263000,245015000,0.09003007518796992,43.94976400915962
PLRM,2016-12-31,FY,1007000,32647000,252933000,8223000,0.030845100621802922,26.800003051757816
EMKR,2016-12-31,Q1,1757000,109612000,133399000,30176000,0.06411706747436412,-23.66863958750707
SVT,2016-12-31,FY,1753000,27117000,36281000,38587000,0.06464579415127042,9.980239528688871
FLGT,2016-12-31,FY,-5347000,54479000,58040000,18276000,-0.09814791020393179,-60.717486418907484
ERIE,2016-12-31,FY,210366000,816910000,1548955000,1596631000,0.257514291660036,8.853744309564334
ALTX,2016-12-31,Q1,-23000,1500000,2581000,21000,-0.06133333333333333,-2.4999958090483205
R,2016-12-31,FY,262477000,2052275000,10902454000,6786984000,0.12789562802256033,11.70537474908303
SHAK,2016-12-28,Q4,22146000,152188000,538194000,259350000,0.5820695455620679,20.390980038455627
PENN,2016-12-31,FY,109310000,-543320000,4974484000,3034380000,-0.201188986232791,122.19857500770041
BXMT,2016-12-31,FY,246440000,2493603000,8812615000,497974000,0.09882888334670756,5.37000438927498
TGNA,2016-12-31,FY,487999000,2271418000,8542725000,3341198000,0.21484332694378577,2.1355633514164993
DIGP,2016-12-31,Q1,0,1233022,1422595,409751,0.0,101.06950491013164
PBIO,2016-12-31,FY,-2706984,-8383418,1625753,1794749,0.32289741487302676,-44.44444612640967
EQR,2016-12-31,FY,4480104000,10229078000,20704148000,2425800000,0.43797730352628067,0.22002103928706468
GORO,2016-12-31,FY,4387000,107076000,118461000,83227000,0.04097089917441817,-8.902688097946895
ST,2016-12-31,FY,262434000,1942007000,6240976000,3202288000,0.13513545522750434,28.481654546835433
RSKIA,2017-01-31,Q3,2051000,34939000,37205000,8194000,0.23480923895932912,0.6053291688786292
PFG,2016-12-31,FY,1361800000,10227300000,228014300000,12394100000,0.1331534227019839,20.450657823619554
ELON,2016-12-31,FY,-4103000,24424000,32908000,32385000,-0.16799050114641337,9.462447141516694
CRTN,2016-12-31,FY,-13883000,5832000,22701000,71739000,-2.3804869684499312,-80.12195074083122
RMGN,2016-12-31,FY,-4770000,10085000,27899000,16246000,-0.47297967278135844,-70.91373504788584
GEF,2017-01-31,Q1,8000000,955000000,3199300000,820900000,0.033507853403141365,4.116010518441059
NTRR,2016-07-31,Q2,-348254,-502089,1181,0,2.7744403880586908,-86.5628182500664
CP,2016-12-31,FY,1599000000,4626000000,19221000000,6232000000,0.3456549935149157,29.222933767408115
ITIC,2016-12-31,FY,19515452,155045069,228938122,138492414,0.12586954313264875,24.771972435315
MERC,2016-12-31,FY,34943000,379128000,1158708000,847328000,0.09216676162140491,25.438602361799624
NGVC,2016-12-31,Q1,2061000,128988000,288281000,183577000,0.06391292213229137,-25.52126375609608
OXBR,2016-12-31,FY,2581000,37163000,51000000,19062000,0.06945079783655787,-63.24786101851277
CHFN,2016-12-31,Q1,5045667,205500223,1461666975,13865603,0.09821238977438969,4.5292026089527395
TDG,2016-12-31,Q1,118871000,-1874625000,10037122000,814018000,-0.2536421951056878,9.61124071060135
MITK,2016-12-31,Q1,-607000,39936000,46686000,9269000,-0.06079727564102564,46.72131064245053
NOBH,2016-11-05,FY,5965194,44666507,50914751,34053290,0.13354959679296166,9.67741935483871
AROC,2016-06-30,Q2,-9110000,739371000,2611942000,417440000,-0.04928513560851048,23.142253583011072
ENZ,2017-01-31,Q2,-2527000,87728000,106391000,37395000,-0.11521977019879628,14.670659345169792
FOSL,2016-12-31,FY,85603000,1006236000,2186897000,3042371000,0.08507248796504994,-70.53469953111919
TRXO,2016-12-31,Q3,-3120103,-842385,3174290,1020403,14.81556770360346,-89.18032818121219
HOV,2017-01-31,Q1,-143000,-128280000,2145296000,552009000,0.004458995946367322,-12.658227848101266
ILG,2016-12-31,FY,267000000,1567000000,3304000000,454000000,0.17038927887683472,57.348060453044816
CVLY,2016-12-31,FY,13102000,154957000,1611587000,62230000,0.08455248875494492,3.644674284534629
VYGR,2016-12-31,FY,-40193000,135922000,189566000,14220000,-0.29570636100116243,38.68003351005919
ON,2016-12-31,FY,184500000,1823200000,6924400000,3906900000,0.10119569986836331,65.0118299958614
BHE,2016-12-31,FY,2570000000,24327000000,85440000000,17422000000,0.10564393472273606,-5.3658524179846285
FNWB,2016-12-31,Q2,1839000,176892000,1043815000,17460000,0.041584695746557224,5.84415351184383
BABB,2016-11-30,FY,449400,2764365,3871523,2386167,0.1625689805796268,-18.29268017884592
DVMT,2017-02-03,FY,-1718000000,13243000000,118206000000,48706000000,-0.12972891338820508,10.178715162506109
LQ,2016-12-31,FY,-1103000,657837000,2892523000,1006254000,-0.0016767071478192926,29.271704689533255
WSO,2016-12-31,FY,235983000,1251748000,1874649000,4220702000,0.18852276975876933,14.25115312378668
MFCO,2016-12-31,Q1,-93199,1377802,2043120,779374,-0.27057298508784283,-7.692300638503319
MKC,2017-02-28,Q1,93500000,1731600000,4751100000,1043700000,0.21598521598521597,8.301156595147358
STAA,2016-12-30,FY,-12129000,37905000,65443000,82432000,-0.3199841709537,42.85713783450016
RRC,2016-12-31,FY,-521388000,5408368000,11282245000,1099939000,-0.0964039429269606,-47.66871084523164
CDNS,2016-12-31,FY,203086000,741770000,2096908000,1816083000,0.27378567480485866,65.0355147711129
HNI,2016-02-29,Q1,-40,60,60,0,-2.6666666666666665,36.82341450029442
OMC,2016-12-31,FY,1246700000,2162000000,23165400000,15416900000,0.5766419981498613,-14.388148474995505
AEO,2017-01-28,FY,212449000,1204569000,1782660000,3609865000,0.17636930719618385,25.609760352502832
IVDN,2017-01-31,Q1,-119240,1626214,2206666,169210,-0.29329473242758947,70.73170589875917
FFBC,2016-12-31,FY,88526000,865224000,8437967000,305950000,0.10231570090519912,-8.027920655094709
WTER,2016-12-31,Q3,-2787681,242945,3064598,8927976,-45.89814155467287,5.050504920766684
AZPN,2016-12-31,Q2,72011000,-192877000,267357000,239983000,-1.4934077157981511,20.319877130973282
VHI,2016-12-31,FY,-3000000,200900000,2443200000,1566800000,-0.014932802389248382,73.80282527593425
CWI,2016-12-31,FY,-6976000,798094000,2476944000,651095000,-0.008740825015599666,22.950814940528247
BMI,2016-12-31,FY,32295000,256209000,349699000,393761000,0.12604943620247533,29.539287968693433
LTRE,2016-09-30,FY,-12696000,-9789000,31607000,81587000,1.2969659822249464,63.93442238508078
NDSN,2017-01-31,Q1,49988000,893844000,2393022000,407470000,0.2236989899803545,27.481720500054973
MHH,2016-12-31,FY,2520000,19072000,39491000,132008000,0.13213087248322147,43.10099743070922
CNFR,2016-12-31,FY,-8437000,67794000,203701000,93883000,-0.12445054134584181,-25.161287861485636
HUN,2016-12-31,FY,357000000,1287000000,9189000000,9526000000,0.2773892773892774,72.84527788118326
CDXI,2016-12-31,FY,-1783705,-3885524,750580,35258,0.45906420858550867,45.45454545454545
WNEB,2016-12-31,FY,4834000,238396000,2076018000,48598000,0.020277185858823134,16.57753127082656
RIBT,2016-12-31,FY,-11250000,-632000,28845000,39405000,17.800632911392405,42.30769936149668
BMNM,2016-12-31,FY,3386004,72146898,222870404,4235081,0.04693208015679343,3.1620523561551437
HVT,2016-12-31,FY,28356000,281871000,454505000,821571000,0.10059921027704162,-5.031449659312352
URG,2016-12-31,FY,-3010000,36232000,89940000,27305000,-0.0830757341576507,25.925922246627014
JBLU,2016-12-31,FY,759000000,4013000000,9487000000,6632000000,0.18913531024171443,-0.22331057804165466
TTOO,2016-12-31,FY,-54804000,39338000,89568000,1747000,-1.393156744115105,-21.223709369024856
SPR,2016-12-31,FY,469700000,1928300000,5405200000,6792900000,0.24358243011979464,48.43484486551342
SUPN,2015-12-31,FY,13944000,88007000,188626000,143526000,0.1584419421182406,88.61608015576114
KERX,2016-12-31,FY,-161095000,-8296000,141427000,27173000,19.418394406943104,-23.519734313861125
SAM,2016-12-31,FY,87349000,446582000,623297000,968994000,0.1955945380691564,12.147894922816851
AEXE,2016-11-30,Q1,-600154,-1313330,916480,0,1.8278848423473155,-53.33333540293904
ASG,2016-09-30,Q3,-69373,-59518,100,0,4.6623206424947075,21.345709710163767
JAZZ,2016-12-31,FY,396831000,1877339000,4800227000,1477261000,0.21137951110587913,20.805665711908556
CPSI,2016-12-31,FY,3933000,157970000,339150000,197874000,0.02489713236690511,25.73221638782799
SO,2016-12-31,FY,2529000000,24758000000,109697000000,19896000000,0.10214880038775345,-1.9371956468268705
CMTV,2016-12-31,FY,5484278,54451517,637653665,24248114,0.10071855298356518,19.35483870967742
AIT,2016-12-31,Q2,51456000,681409000,1294516000,1232971000,0.30205647415869175,12.841756745566954
MRVL,2017-01-28,FY,21151000,4027651000,4648650000,2317674000,0.005251448052475251,56.87457833011433
FUNC,2015-12-31,FY,12991000,120771000,1323458000,45032000,0.10756721398348941,39.743595282132326
CLB,2016-12-31,FY,63859000,151354000,573052000,470259000,0.42191815214662315,-9.990958938612113
DQWS,2016-12-31,FY,-516018,170038,922229,137181,-3.034721650454604,36.363642521141024
CIVI,2016-12-31,Q1,4179000,154496000,1067921000,359394000,0.10819697597348799,-74.77052948744488
PGID,2016-12-31,Q2,-30779,-427528,0,0,0.2879717819651578,0.0
CENT,2016-12-24,Q1,7789000,559249000,1247701000,419498000,0.05571042594622431,15.91653886887264
HCMC,2016-12-31,FY,10684492,2457546,17234751,10565163,4.34762645338073,0.0
BFS,2016-12-31,FY,56720000,318505000,1343025000,217070000,0.1780819767350591,-6.382654855833242
FMI,2016-12-31,FY,-113192000,164846000,214035000,73388000,-0.6866529973429747,283.14606669334097
EMR,2016-12-31,Q1,315000000,7713000000,17471000000,3216000000,0.1633605600933489,22.37050308655558
CBOE,2016-12-31,FY,185720000,317946000,476615000,656946000,0.5841243481597505,72.54004747800225
ATR,2016-12-31,FY,205604000,1173950000,2606785000,2330934000,0.17513863452446868,18.15941214164595
ADTN,2016-12-31,FY,35229000,479517000,667235000,525502000,0.07346767684983015,-14.56953330083402
QCP,2016-12-31,FY,81145000,3034796000,4789375000,471171000,0.02673820579702886,-11.869812684245677
NWN,2016-12-31,FY,58895000,850497000,3079801000,675967000,0.06924774572984972,0.4208754100638904
PVBC,2016-12-31,FY,6339000,109149000,795543000,28894000,0.0580765742242256,43.74998166898161
ROP,2016-12-31,FY,658645000,5788865000,14324927000,3789925000,0.11377791674188291,40.05299857123668
SSD,2016-12-31,FY,89734000,865842000,979974000,860661000,0.10363784616592865,28.837518128586282
PFGC,2016-12-31,Q2,35100000,853600000,3632900000,8097900000,0.16447985004686036,39.6624363231277
P,2016-12-31,FY,-342978000,554259000,1184810000,1384826000,-0.6188045660963557,-62.106917684937656
ELMD,2016-12-31,Q2,635032,17228262,20705952,11917606,0.1474395966348782,61.86667124430338
AMNB,2016-12-31,FY,16301000,201380000,1678638000,56170000,0.0809464693614063,9.11681168675487
RRGB,2016-12-25,FY,11725000,348053000,918545000,1296441000,0.03368739818360997,-2.3070084689666417
DXPE,2016-12-31,FY,7151000,251623000,611525000,962092000,0.028419500602091224,-17.33296249257883
ACAD,2016-12-31,FY,-271393000,518411000,561153000,17327000,-0.5235093391151037,4.657629931411028
OLED,2016-12-31,FY,48070000,528468000,627559000,99285000,0.09096104210661762,201.04620486501292
STRS,2016-12-31,FY,-5999000,130951000,452175000,80341000,-0.04581102855266474,-10.271896881928546
ALRM,2016-12-31,FY,10154000,191249000,261245000,87566000,0.053093088068434345,36.97387783570185
PEN,2016-12-31,FY,14814000,266547000,308254000,263317000,0.05557744037636889,46.9164621242568
FHN,2016-12-31,FY,238511000,2409653000,28555231000,817909000,0.09898147160607772,-0.05000114440917968
DORM,2016-12-31,FY,106049000,601642000,711792000,859604000,0.1762659521775408,-16.838952419328646
IVTY,2016-12-31,FY,-40609000,34448000,60335000,32461000,-1.1788492800743149,7.826083639393682
KOPN,2016-09-24,Q3,-17876600,80814614,94497959,15597247,-0.884820163838189,108.01887195617057
BRVO,2016-09-30,Q3,-1749777,1846404,2487916,49346,-3.7906698642333962,-84.12698460754562
FCFS,2016-12-31,FY,60127000,1449986000,2145203000,669131000,0.04146729692562549,42.60041868117768
EXPO,2016-12-30,FY,47480000,273346000,403744000,299197000,0.17369926759491633,17.91044672256453
ESNC,2016-12-31,Q2,-9061765,8839016,27077111,9218130,-4.100802623278429,-45.668536187612936
HII,2016-12-31,FY,573000000,1653000000,6352000000,5631000000,0.3466424682395644,24.67600801027896
LIND,2016-12-31,FY,5059000,113809000,407701000,242346000,0.044451669024418106,1.4507808171714356
FMBM,2016-12-31,FY,9762000,86682000,744889000,32095000,0.11261853672042639,24.90565461932488
RGS,2016-12-31,Q2,1062000,519068000,1030227000,658752000,0.00818389883406413,2.1956107682987955
LMNR,2016-10-31,FY,8058000,126498000,305448000,106130000,0.0637006118673813,13.763326617412709
EXTR,2016-12-31,Q2,-15090000,85820000,449997000,199920000,-0.7033325565136331,141.6988585457
WCC,2016-12-31,FY,101120000,2010012000,4490984000,7336017000,0.05030815736423464,0.8882286410281375
IPCC,2016-12-31,FY,43085000,699187000,2402601000,1538706000,0.06162156905091199,20.866594855821837
IRM,2016-12-31,FY,107233000,1936547000,9486800000,3511453000,0.05537330103529633,13.987919279619165
NSC,2016-12-31,FY,1668000000,12409000000,34892000000,9888000000,0.13441856716899026,35.433215057154854
VOXX,2016-11-30,Q3,-906000,393456000,694506000,513655000,-0.009210686836647554,36.08247493630783
ICFI,2016-12-31,FY,46584000,566004000,1085571000,1185097000,0.0823033052769945,-3.1365327288000135
AMZN,2016-12-31,FY,2371000000,19285000000,83402000000,94665000000,0.12294529427015816,55.17003942803884
EGBN,2016-12-31,FY,97707000,842799000,6890096000,285805000,0.11593155663450004,-3.820596690883235
CMT,2016-12-31,FY,7411000,96766000,134836000,146624000,0.07658681768389723,30.95957249605523
CPHI,2016-12-31,FY,-9182624,58909134,78520140,15570514,-0.15587776252151322,-28.000000000000004
OUT,2016-12-31,FY,90900000,1232900000,3738500000,1513900000,0.07372860734852786,-7.936507696227189
STT,2016-12-31,FY,2143000000,21219000000,242698000000,10207000000,0.10099439181865309,23.16719319918178
RCAR,2016-12-31,FY,-2077889,239327,603318,0,-8.682217217447258,94.79999542236328
TXT,2016-12-31,FY,962000000,5574000000,15358000000,13710000000,0.1725870111230714,14.903553609315514
SGMA,2017-01-31,Q3,132040,60514069,139010992,186658581,0.008727887724753726,101.77383413849381
SCWX,2017-02-03,Q4,-38213000,691424000,999300000,429502000,-0.22106840375804138,-10.859306474358858
ACGL,2016-12-31,FY,824178000,8253718000,29372109000,4463556000,0.09985536215315328,5.681687287417728
PGAI,2016-12-31,FY,2892000,-88694000,1014000,9009000,-0.03260648972873024,-90.0
UMBF,2016-12-31,FY,158801000,1962384000,20682532000,523031000,0.08092249019559883,-6.1096610945193355
BHE,2016-12-31,FY,64047000,1365465000,1998668000,2310415000,0.04690490052839143,-5.3658524179846285
INGN,2016-12-31,FY,20519000,182088000,214049000,168170000,0.11268727208822107,81.66284711997645
HAE,2016-12-31,Q3,24872000,770897000,1306421000,658050000,0.1290548542801438,46.666676941945894
MXC,2016-12-31,Q3,-691099,8695336,12928269,1841159,-0.3179170994657366,-21.24248001966213
EFSC,2016-12-31,FY,48837000,387098000,4081328000,149224000,0.12616185048747344,5.861664503067052
AEYE,2016-12-31,FY,-9578630,307237,4488600,994265,-31.176681193996817,25.0
KO,2016-12-31,FY,6550000000,23062000000,87270000000,41863000000,0.2840169976584858,9.760770108907783
CMG,2016-12-31,FY,22938000,1402493000,2026103000,3904384000,0.016355161843945032,-22.878029924441773
OGEN,2016-12-31,FY,-7013304,2965723,4309166,0,-2.364787271097132,-54.90196078431373
ESND,2016-12-31,FY,63852000,781106000,2163506000,5369022000,0.0817456273540339,-56.06634933568675
CNHC,2016-12-31,FY,187512000,1366718000,14043259000,946721000,0.137198749120155,16.66665696539031
DSNY,2016-11-30,Q1,104128,1571566,1953318,892229,0.2650299128385318,16.666664459087173
HBIO,2016-12-31,FY,-4307000,72196000,107765000,104521000,-0.059657044711618375,13.793098061887212
WYIGU,2016-12-31,FY,-541616,10032143,50275212,0,-0.0539880661589453,0.09852442618400784
CIEN,2017-01-31,Q1,3861000,798893000,2860094000,506993000,0.019331750309490758,-12.284304652316363
AAL,2016-12-31,FY,2676000000,3785000000,51274000000,40180000000,0.707001321003963,12.375809150445484
FET,2016-12-31,FY,-81948000,1235202000,1835192000,587635000,-0.0663438044951352,-31.346578366445915
USFD,2016-12-31,FY,209794000,2537650000,8944450000,22918808000,0.08267255137627333,15.940447508022086
WLKR,2016-12-31,FY,16877000,24597000,25588000,4278000,0.6861405862503558,23.28766474560085
FNF,2016-12-31,FY,692000000,5996000000,14463000000,9554000000,0.11541027351567712,59.98646142050755
DXLG,2017-01-28,FY,-2256000,88520000,269328000,450283000,-0.025485765928603705,-17.53845948439378
LDOS,2016-12-30,FY,246000000,3147000000,9132000000,7043000000,0.07816968541468065,26.261244555067847
VRA,2017-01-28,FY,19758000,283786000,373509000,485937000,0.06962288484985164,-14.659688478041483
MAN,2016-12-31,FY,443700000,2361900000,7574200000,19654100000,0.18785723358313222,38.59765201793256
ATRO,2016-12-31,FY,48424000,337449000,604344000,633123000,0.14350020299363755,21.97059062629757
KODK,2016-12-31,FY,16000000,-73000000,1776000000,1251000000,-0.2191780821917808,-80.50314478611844
PRMW,2016-12-31,FY,-5946000,64372000,391385000,142541000,-0.09236935313490337,46.65493266647766
OCUL,2016-12-31,FY,-44703000,52008000,74939000,1845000,-0.8595408398707891,-46.514423407570156
ASRV,2016-12-31,FY,2310000,95395000,1153780000,41869000,0.024215105613501757,12.16216329417147
SNFCA,2016-12-31,FY,14279504,128179554,854004671,12267640,0.11140235360781486,-20.45456012413524
CTBI,2016-12-31,FY,47346000,500615000,3932169000,146576000,0.09457567192353405,-5.231392854941649
BDC,2016-12-31,FY,127646000,1460313000,3806803000,2356672000,0.08741002785019376,0.5734325462817268
SALM,2016-12-31,FY,8873000,213846000,590268000,274321000,0.04149247589386755,-29.133857203413854
BLKB,2016-12-31,Q4,41515000,247545000,1310210000,730815000,0.670827526308348,45.30216767257825
AOSL,2016-12-31,Q2,4087000,258356000,362028000,192049000,0.06327702859620059,-24.29430750448549
LOAN,2016-12-31,FY,2836960,22313890,35333524,4648560,0.1271387463145153,-17.361111571023503
CYTK,2016-12-31,FY,16453000,94361000,170142000,106407000,0.1743622895051981,-34.27419460278771
WK,2016-12-31,FY,-43977000,-3125000,143143000,35526000,14.07264,57.93357429738661
WDFC,2016-11-30,Q1,11758000,128447000,333655000,89248000,0.3661588047988665,10.240959468117369
CTS,2016-12-31,FY,34380000,317882000,517697000,396679000,0.10815333991858614,14.444444444444443
EACO,2016-11-30,Q1,661000,31423000,53058000,37207000,0.08414218884256755,5.588229808015548
RNST,2016-12-31,FY,90930000,1232883000,8699851000,329138000,0.07375395718815167,-3.401848285179654
LSMG,2016-12-31,FY,-268116,-608129,235314,0,0.4408867197584723,-19.999994412064428
ACIW,2016-12-31,FY,129535000,754917000,1902295000,1005701000,0.17158839978434715,22.14440047745377
CVBF,2016-12-31,FY,101429000,990862000,8073707000,265050000,0.10236440594149336,2.2569380631603906
BNED,2017-01-28,Q3,5134000,712889000,1499903000,1372810000,0.028806728677255505,-30.82329477814481
LARK,2016-12-31,FY,8961000,84951000,911382000,29230000,0.10548433803015857,1.3636372848037774
SECI,2016-12-31,Q3,-14354817,-8206282,0,18500,6.996989379599677,55.55554597404784
KNX,2016-12-31,FY,95238000,786473000,1078525000,1118034000,0.12109506620061973,30.312972324626536
JNP,2016-12-31,FY,5951000,39770000,57571000,27211000,0.14963540357053054,-13.392857370936145
PBOX,2016-12-31,FY,-1471000,3758000,5397000,6512000,-0.3914316125598723,-77.5
FHB,2016-12-31,FY,230178000,2476485000,19661829000,518520000,0.09294544485429954,-15.810731582116533
LYTS,2016-12-31,Q2,2835000,157820000,195836000,169817000,0.07185401089849196,-30.152285807177325
HUBG,2016-12-31,FY,74805000,628179000,1360259000,3572790000,0.11908229979034639,9.4857177734375
INBK,2016-12-31,FY,12074000,153942000,1854335000,58899000,0.07843213677878681,20.157485120878444
AXS,2016-12-31,FY,513368000,6272370000,20813691000,4005657000,0.0818459370222101,-23.161602954246963
TNET,2016-12-31,FY,61406000,34590000,2095143000,446755000,1.7752529632841862,72.59633799464383
WOR,2016-11-30,Q2,49867000,884940000,2142724000,727780000,0.22540285217076864,-25.78180459719694
CPHC,2016-12-31,FY,4195980,36550547,49624954,52460203,0.11479937632670723,57.92031156697588
TGI,2016-12-31,Q3,83872000,980816000,4858920000,2612885000,0.3420498849937195,0.3690050924800142
A,2017-01-31,Q1,168000000,4297000000,7872000000,818000000,0.15638817779846403,49.050430966522896
LFUS,2016-12-31,FY,104488000,814788000,1491194000,1056159000,0.12823949297240508,31.197777507463936
JVA,2016-10-31,FY,2212288,24539203,37023893,78948228,0.09015321320745422,-19.691119975454853
KRNY,2016-12-31,Q2,10131000,1114652000,4585308000,67121000,0.03635574152291478,-7.961783536215903
LL,2016-12-31,FY,-68563000,230892000,488634000,960588000,-0.29694835680751175,102.12491905589312
CPRX,2016-12-31,FY,-18072452,39308930,41706853,0,-0.45975436115915647,246.01770817080518
SUPN,2016-06-30,Q2,15076000,110225000,218633000,93360000,0.5470991154456792,110.11289874188968
MSCC,2017-01-01,Q1,19500000,1772100000,4350000000,435500000,0.04401557474183172,-5.368267143422269
HLX,2016-12-31,FY,-81445000,1281814000,2246941000,487582000,-0.06353885977216664,-19.44444189723731
GBNK,2016-12-31,FY,24727000,352378000,3366427000,99853000,0.07017180414214282,12.627293188628627
BC,2016-12-31,FY,276000000,1440100000,3284700000,4488500000,0.19165335740573572,-0.28891268386816354
IVDN,2016-10-31,FY,-632423,1745454,2328542,602062,-0.3623257903101428,48.00000190734863
BSX,2016-12-31,FY,347000000,6733000000,18096000000,8386000000,0.05153720481211941,13.299825714704394
WATT,2016-12-31,FY,-45817394,28551223,35258940,1451941,-1.604743656690293,10.574193717403748
HBAN,2016-12-31,FY,711821000,10308146000,99714097000,2632113000,0.06905422177761161,9.309314963980894
NUE,2016-12-31,FY,900416000,7879865000,15223518000,16208122000,0.11426794748387187,6.659958362781354
ZPCM,2016-12-31,FY,219361,841241,844662,0,0.2607588075236466,0.3333290285536039
DCI,2017-01-31,Q2,104500000,780700000,1817700000,1103600000,0.5354169335211989,21.065092368944157
APPS,2016-12-31,Q3,-17339000,68506000,112216000,69156000,-1.0124076723206727,155.71428461950651
AOXY,2016-12-31,Q2,-4379,248220,619504,17986,-0.07056643300298122,347.7004557226419
FORD,2016-12-31,Q1,151492,8375299,12737035,6591248,0.0723518049922755,3.361341170559033
CLNE,2016-12-31,FY,-13724000,468865000,897257000,351038000,-0.029270685591801477,-34.304206220811565
NEOG,2017-02-28,Q3,31483000,451656000,507298000,223170000,0.27882282090794763,22.078630931549085
WCRS,2016-12-31,FY,1478708,30642033,60210652,74213699,0.04825750301881079,-5.0
DBB,2016-12-31,FY,35725913,284135889,284449176,465565,0.12573530617950202,31.237321822009296
CVGI,2016-12-31,FY,6785000,67690000,428765000,662112000,0.10023637169448958,96.14678815602953
WTM,2016-12-31,FY,419800000,3603300000,6544700000,1360700000,0.11650431548857991,0.1977464405856214
DXCM,2016-12-31,FY,-65600000,283800000,402800000,573300000,-0.23114869626497533,-1.4763958975992488
EXPR,2017-01-28,FY,57417000,635687000,1185189000,2192547000,0.0903227531788443,-28.078817733990146
INFN,2016-12-31,FY,-24430000,762328000,1198583000,751167000,-0.03204657312862705,-27.408259978610133
NPO,2016-12-31,FY,-40100000,358500000,1546400000,1187700000,-0.11185495118549511,37.71723127368525
COST,2017-02-12,Q2,1076000000,12440000000,35630000000,56599000000,0.3459807073954984,5.094204562001517
JYNT,2016-12-31,FY,-15173872,6925413,17054861,20523640,-2.19104218044469,87.16980602445041
CDXC,2016-12-31,FY,-2928185,9974358,19752068,26811086,-0.2935712754645462,70.43478357018203
JJSF,2016-12-24,Q1,13540000,644183000,794173000,225570000,0.08407548786602564,14.171400519930794
MEIP,2016-12-31,Q2,7615000,54890000,58210000,1194000,0.5549280378939697,50.0
PB,2016-12-31,FY,274466000,3642311000,22331072000,675779000,0.07535490516872392,-2.585848189156374
KTWO,2016-12-31,FY,-41660000,261568000,383525000,236634000,-0.15927024712503057,-11.504425442642727
AHH,2016-12-31,FY,42755000,148143000,982468000,258385000,0.28860627906819764,5.646258057656036
NSIT,2016-12-31,FY,84690000,713443000,2219300000,5485515000,0.11870604939707867,-5.875121366074213
GUSH,2017-01-31,Q3,-456705,-594567,318319,18556,3.0725216838472367,-35.70011025358324
MGPI,2016-12-31,FY,31184000,146292000,225336000,328081000,0.2131627156645613,55.43873569854851
G,2016-12-31,FY,267547000,1286648000,2885880000,2570756000,0.20794109966362206,29.922224210507576
RGIN,2016-12-31,Q1,281822,-1750630,184494,0,-0.6439327556365423,-3.8461503192516595
GLBZ,2016-12-31,FY,1100720,33814189,388431995,13281390,0.03255201536845967,-7.5250803984923325
MANH,2016-12-31,FY,124234000,169366000,297140000,467286000,0.7335238477616522,-9.350412566652496
VBIV,2016-12-31,FY,-23205000,83731000,104754000,548000,-0.2771374998507124,30.98159724567945
ARKR,2016-12-31,Q1,1734000,40615000,75168000,38392000,0.17077434445401946,8.9919416055969
GEVO,2016-12-31,FY,-37228000,69264000,112324000,27213000,-0.5374797874797875,-82.64705854303696
MED,2016-12-31,FY,17835000,96016000,121216000,274534000,0.18575029161806367,66.17472113254289
OGE,2016-12-31,FY,338200000,3443800000,9939600000,2259200000,0.09820547070096985,-1.79050583161486
BYFC,2016-12-31,FY,3480000,45526000,429083000,15290000,0.07643983657690111,43.90243388300204
INO,2016-12-31,FY,-73740339,123282151,173707166,35368361,-0.5981428649797002,-41.58415427564453
THS,2016-12-31,FY,-228594000,2503324000,6545822000,6175088000,-0.0913161859990956,-31.976344784420547
RWT,2016-12-31,Q4,131252000,1149428000,5483477000,246355000,0.45675588205611833,-3.9533415313475153
TWIN,2016-12-30,Q2,-5563000,109156000,202422000,69507000,-0.20385503316354575,81.98629452466848
WSFS,2016-12-31,FY,64080000,687336000,6765270000,216578000,0.0932295122036384,2.7926944325824157
AMKR,2016-12-31,FY,167304000,1383588000,4092086000,3893635000,0.1209203895957467,-5.633797645883969
HNI,2016-12-31,FY,85638000,500603000,1330234000,2203489000,0.17106968995391558,-29.885473783542515
ESGR,2016-12-31,FY,304413000,2802312000,12865744000,1130995000,0.10862923186283326,1.4401244019271566
IAC,2016-12-31,FY,-16151000,1869222000,4645873000,3139882000,-0.00864049321054428,81.31672853115202
ATLC,2016-12-31,FY,-6341000,5787000,363989000,88622000,-1.095731812683601,-16.08390967136665
SIRI,2016-12-31,FY,745933000,-792015000,8003595000,5017220000,-0.9418167585209876,20.720722172014707
NVAX,2016-12-31,FY,-279966000,-5546000,394301000,2184000,50.480706815723046,-2.362206261735545
K,2016-12-31,FY,695000000,1910000000,15111000000,13014000000,0.36387434554973824,-7.3463299081985625
SMME,2016-12-31,Q2,-607153,-1336541,219843,0,1.8170875416466834,9.480123752554587
QNTO,2016-12-31,FY,1498000,20790000,216163000,9183000,0.07205387205387205,8.333333333333332
SEE,2016-12-31,FY,486400000,609700000,7389100000,6778300000,0.7977693947843202,6.02150373561408
VEEV,2017-01-31,FY,68804000,652978000,917700000,544043000,0.10536955303241456,46.633586132490116
WTBA,2016-12-31,FY,23016000,165376000,1854204000,64994000,0.13917376160990713,3.2854177598672396
KEYS,2017-01-31,Q1,109000000,1648000000,3869000000,606000000,0.2645631067961165,27.32668236177408
CDE,2016-12-31,Q4,55352000,768487000,1318909000,665777000,0.28810897256557366,-22.997944802425895
WCFB,2016-12-31,FY,109413,28846980,123647347,3785868,0.0037928753720493447,-4.799042119924792
JLL,2016-12-31,Q4,334400000,2789700000,7629400000,6803800000,0.47947808008029535,45.453651297548475
FSS,2016-12-31,FY,43800000,394100000,643200000,707900000,0.11113930474498858,26.591054174290203
TOMZ,2016-12-31,FY,-3157259,8250063,9303016,6343432,-0.3826951382068234,-59.99999940395355
SEM,2016-12-31,FY,125270000,815725000,4944395000,4286021000,0.15356891109136045,30.25829793418662
HCKT,2016-12-30,FY,21541000,86269000,159299000,259907000,0.24969571920388553,-11.041901620123111
GABC,2016-12-31,FY,35184000,330267000,2955994000,103365000,0.10653198775536157,1.3870295555096994
CVLT,2016-12-31,Q3,-2648000,435190000,769716000,477587000,-0.02433879454950711,0.1908367771167092
CINF,2016-12-31,FY,591000000,7060000000,20386000000,5449000000,0.08371104815864022,-1.0819365152642753
MAR,2016-12-31,FY,780000000,5357000000,24140000000,17072000000,0.1456038827702072,64.5212069424716
MRC,2016-12-31,FY,-83000000,763000000,2164000000,3041000000,-0.10878112712975098,-19.27480527025202
HUBB,2016-12-31,FY,297800000,1592800000,3525000000,3505200000,0.1869663485685585,15.045900238078097
FOR,2016-12-31,FY,60179000,560651000,733208000,5076000,0.10733771990061554,63.56877555377457
WHLR,2016-12-31,FY,-12238026,94833420,489046335,44160408,-0.12904760790025288,-25.744041976204006
WING,2016-12-31,FY,15434000,-74628000,111800000,91359000,-0.20681245645066196,31.77822732513569
APEI,2016-12-31,FY,24155000,264670000,320712000,313139000,0.0912645936449163,1.0080645471408152
STRA,2016-12-31,FY,34802000,188374000,298696000,441088000,0.18474948772123542,9.363933373248482
VRSK,2016-12-31,FY,591200000,1332400000,4631200000,1995200000,0.44371059741819274,18.052140138055265
RFIL,2016-10-31,FY,-4089000,21392000,25837000,30241000,-0.1911462228870606,45.71428298950195
ROG,2016-12-31,FY,48283000,635786000,1056500000,656314000,0.07594221955186178,110.31303112315413
CLW,2016-12-31,Q4,49554000,469873000,1684342000,1734763000,0.42185015951118704,-31.780616913616
PJT,2016-12-31,FY,5108000,-8560000,590476000,499430000,-0.5967289719626169,46.24758828675072
MMC,2016-12-31,FY,1795000000,6272000000,18190000000,13211000000,0.2861926020408163,19.92043037562317
TSSI,2016-12-31,FY,-1023000,-1431000,8576000,27373000,0.7148846960167715,1199.999981373548
SNYR,2016-12-31,FY,-796161,7107476,20460472,34840394,-0.11201740252095117,-4.460782480441495
CASH,2016-12-31,Q1,1244000,371786000,4213329000,22575000,0.013384043508900281,-10.13579618462216
NI,2016-12-31,FY,331500000,4071200000,18691900000,4492500000,0.0814256238946748,15.682737532588886
KEY,2016-12-31,FY,790000000,15240000000,136453000000,3319000000,0.05183727034120735,10.460020939052692
EGP,2016-12-31,FY,96094000,637661000,1825764000,253047000,0.15069762773636775,19.303449067098505
NBTB,2016-12-31,FY,78409000,913316000,8867268000,286947000,0.08585089936013385,-12.318326979443354
CTLT,2016-12-31,Q2,22000000,588000000,3154300000,925900000,0.14965986394557823,52.14815492983218
F,2016-12-31,FY,4607000000,29170000000,237951000000,10253000000,0.157936235858759,-0.7942841958518274
ACTA,2016-12-31,FY,65849000,353340000,453718000,109301000,0.1863615780834324,9.090910303463831
SPTN,2016-12-31,FY,56828000,825407000,1930336000,7734600000,0.0688484590026496,-32.60924424767454
BAX,2016-12-31,FY,4965000000,8290000000,15546000000,10163000000,0.5989143546441495,45.45454857597364
FANG,2016-12-31,FY,-164908000,3697462000,5349680000,527107000,-0.04460032314057589,22.27602905569007
NWPX,2016-12-31,FY,-9263000,209213000,241555000,156256000,-0.04427545133428611,9.18424780342102
UNH,2016-12-31,FY,7073000000,38177000000,122810000000,26658000000,0.18526861723026952,36.550022224244756
AIG,2016-12-31,FY,-349000000,76858000000,498264000000,52367000000,-0.004540841551952952,-8.507372054461596
CL,2016-12-31,FY,2586000000,-243000000,12123000000,15195000000,-10.641975308641975,15.120530812148688
SLCA,2016-12-31,FY,-41056000,1273290000,2073220000,559625000,-0.032244029247068616,-42.86716895185925
FNCX,2016-12-31,Q2,-10324000,3858000,31807000,1875000,-10.703991705546915,-97.97297296908557
MCD,2016-12-31,FY,4686500000,-2204300000,31023900000,15295000000,-2.126071768815497,43.888974389866895
TENX,2016-12-31,FY,-43923904,17140938,23340175,0,-2.5625146068435694,-78.78787878787878
RMCF,2016-11-30,Q3,2718446,19155165,30122648,21591420,0.5676685113388478,13.962635847013763
ZAIS,2016-12-31,FY,-3784000,44379000,514145000,31677000,-0.08526555352756934,163.94558087928445
DLA,2016-12-31,Q1,-607000,150464000,344365000,85335000,-0.016136750319013186,-4.446540462859573
TDW,2016-12-31,Q3,-563039000,1739306000,4315199000,426911000,-1.2948589839855666,-79.04709200601224
OPXS,2017-01-01,Q1,354000,7503000,12391000,3512000,0.18872451019592162,52.77777501830359
ALK,2016-12-31,FY,814000000,2931000000,9962000000,5931000000,0.2777209143636984,-16.465906663374465
MPB,2016-12-31,FY,7804000,70467000,1032599000,40212000,0.110746874423489,38.49371967545066
EMMA,2016-12-31,FY,-21178847,-17561900,12992578,461591,1.2059541962999447,-63.243243930576085
PRAA,2016-12-31,FY,90892000,864301000,3163999000,830580000,0.10516243762300402,-17.82178339356589
BBGI,2016-12-31,FY,47488413,202491623,661670048,136665344,0.23452038309752696,112.6984002038138
HMNF,2016-12-31,FY,6350000,75919000,682023000,27349000,0.08364177610347871,6.111113230387369
FCUV,2016-12-31,FY,-440904,90100,522006,337496,-4.893496115427303,65.99999666213989
PFE,2016-12-31,FY,7246000000,59544000000,171615000000,52824000000,0.12169152223565767,9.757577311947562
NSP,2016-12-31,FY,65991000,60525000,907174000,2941347000,1.0903097893432465,60.531843033289356
IPGP,2016-12-31,FY,260716000,1557558000,1789999000,1006173000,0.16738766710453157,116.77465836099164
GENC,2016-12-31,Q1,1394000,121627000,133740000,15783000,0.04584508373963018,6.08973610487385
RSPP,2016-12-31,FY,-24851000,3416728000,4996427000,353857000,-0.007273332849439581,-10.39647811027634
LEE,2016-12-25,Q1,12440000,-116062000,663573000,153989000,-0.4287363650462684,-18.96551724137931
FLIC,2016-12-31,FY,30880000,305830000,3510320000,104123000,0.10097112775071118,-1.0416640451660168
DVN,2016-12-31,FY,-3704000000,5927000000,25913000000,12197000000,-0.6249367302176481,-12.064571122062205
NHTC,2016-12-31,FY,55086000,82439000,148051000,287728000,0.6682031562731232,-37.873214288778975
TMUS,2016-12-31,FY,1460000000,18236000000,65891000000,27844000000,0.08006141697740733,8.899174646548543
BOJA,2016-12-25,FY,37716000,210790000,559772000,504664000,0.17892689406518336,-39.52879602065169
UWHR,2016-12-31,FY,2211000,32902000,548230000,18046000,0.06719956233663607,6.304587950423686
POWI,2016-12-31,FY,47890000,488105000,555338000,387393000,0.09811413527827005,8.241363289215707
SEAS,2016-12-31,FY,-12531000,461215000,2378771000,1344292000,-0.02716954132020858,-30.410257975260418
BCO,2016-12-31,FY,44800000,337100000,1994800000,3020600000,0.13289824977751408,88.50298670237649
RCMT,2016-12-31,FY,1758000,31255000,69831000,176448000,0.05624700047992321,-0.31897896311569507
ETBI,2016-06-30,Q2,-1326021,-3065431,764520,91836,1.7302898026411295,-91.36363617121435
EXEO,2016-11-30,FY,-1346543,-1888751,474898,28767,0.7129277496080744,-22.22222148636239
THG,2016-12-31,FY,155100000,2857500000,14220400000,4945800000,0.054278215223097115,18.482789283853954
COO,2017-01-31,Q1,75800000,2819400000,4656700000,499100000,0.10754061147761936,31.55300352495301
OPMZ,2016-11-30,Q3,-1742312,-527970,136700,49358,13.20008333806845,-95.55555547650812
MTD,2016-12-31,Q4,384370000,434943000,2166777000,1957879000,3.534899975399075,46.6840323377216
FAF,2016-12-31,FY,343476000,3008179000,8831777000,5575846000,0.11418070533701619,50.7261981052918
STRL,2016-12-31,FY,-7412000,107434000,301823000,690123000,-0.0689911945938902,94.50419246401303
GIGA,2016-12-24,Q3,-1073000,2125000,12198000,11037000,-2.019764705882353,-32.30769230769231
OCN,2016-12-31,FY,-199375000,652958000,7655663000,1387163000,-0.30534123174844324,-45.279721336819264
UAMY,2016-12-31,FY,-1309200,11342253,17765998,11890135,-0.11542680277013746,27.99999713897705
ATNI,2016-12-31,FY,24214000,677055000,1198218000,457003000,0.035763711958408106,-34.049411961167756
RGNX,2016-12-31,FY,-62967000,161737000,172732000,4589000,-0.3893172248774245,79.72972972972973
BMRC,2016-12-31,FY,23134000,230563000,2023493000,75430000,0.10033700116670932,-1.734099712662877
CCI,2016-12-31,FY,356973000,7557115000,22675092000,687918000,0.04723667695939522,27.891703033738974
XPO,2016-12-31,FY,84500000,2700000000,11698400000,14619400000,0.031296296296296294,109.58809529488478
BLDR,2016-12-31,FY,144341000,309620000,2909887000,6367284000,0.46618758478134487,87.19931505867268
PULM,2016-12-31,FY,-27843000,8761000,16663000,835000,-3.1780618650838943,135.0
CLX,2016-12-31,Q2,328000000,270000000,4568000000,2849000000,4.859259259259259,22.905312856564038
MSFT,2016-12-31,Q2,5200000000,68809000000,224610000000,16537000000,0.3022860381636123,36.68903549484876
RF,2016-12-31,FY,1163000000,16664000000,125968000000,3814000000,0.06979116658665387,19.75052197640968
PPG,2016-12-31,FY,899000000,4826000000,15769000000,14751000000,0.1862826357231662,22.64566897094406
INTC,2016-12-31,FY,10316000000,66226000000,113327000000,59387000000,0.15576963730256999,26.120223420366106
CVSI,2016-12-31,FY,-14141298,13208149,18592162,11060636,-1.0706494907045643,44.18604522218185
MS,2016-12-31,FY,6123000000,76050000000,814949000000,7016000000,0.08051282051282051,21.88153809659806
DIN,2016-12-31,FY,97992000,252772000,2278600000,9191000,0.3876695203582675,-33.197263745970304
JWN,2017-01-28,FY,354000000,870000000,7858000000,14498000000,0.4068965517241379,15.331809258505794
NRIM,2016-12-31,FY,14990000,186594000,1526540000,58918000,0.08033484463594756,8.3199951171875
VBTX,2016-12-31,FY,12551000,239088000,1408507000,46595000,0.052495315532356285,5.305341027373655
HAL,2016-12-31,FY,-5769000000,9409000000,27000000000,11140000000,-0.6131363588053991,-12.23060584764039
NWLI,2016-12-31,FY,100892000,1721828000,11894981000,682368000,0.05859586439528222,5.49429227530244
ADSK,2017-01-31,FY,-582100000,733600000,4798100000,2031000000,-0.7934841875681571,41.40644433430669
FUL,2017-03-04,Q1,14831000,949380000,2169328000,503323000,0.06248709684214961,1.45491617945243
ARII,2016-12-31,FY,72663000,550270000,1456250000,429774000,0.13204972104603194,-9.082969250457785
IP,2016-12-31,FY,902000000,4341000000,33345000000,21079000000,0.20778622437226446,8.522194958480535
RBCN,2016-12-31,FY,-62879000,50449000,53013000,19630000,-1.2463874407817797,45.09090943769975
IBCP,2016-12-31,FY,22766000,248980000,2548950000,86523000,0.09143706321792915,1.3605494548269763
CLRO,2016-12-31,FY,2444000,77449000,88124000,48637000,0.03155624991930173,-21.145378780100188
KR,2017-01-28,FY,1957000000,6698000000,36505000000,115337000000,0.2921767691848313,-8.095236419279752
AVGO,2017-01-29,Q1,252000000,19033000000,49617000000,4139000000,0.05296064729680029,23.408125076117496
PRA,2016-12-31,FY,151081000,1798702000,5065181000,870214000,0.0839944582259874,2.0535741533551897
VTGN,2016-12-31,Q3,-7706700,2588600,5876100,1250000,-11.908676504674341,-70.24128795086806
ORN,2016-12-31,FY,-3620000,226204000,447676000,578236000,-0.01600325370019982,-27.432808606225752
BCOV,2016-12-31,FY,-9986000,78196000,136424000,150266000,-0.12770474193053352,-14.457834440074265
UNB,2016-12-31,FY,8511000,56279000,691381000,26836000,0.15122869987028909,20.204317094269268
FSTR,2016-12-31,FY,-141660000,133251000,393023000,415375000,-1.0631064682441407,89.86013466014549
HRTX,2016-12-31,FY,-173143000,-21251000,67482000,1279000,8.147522469530845,35.07463355775046
CVCY,2016-12-31,FY,15182000,164033000,1443323000,46676000,0.09255454695091841,1.6112773665144118
TXRH,2016-12-27,FY,120573000,750226000,1179971000,1990714000,0.16071557104125958,9.120258943736834
COBZ,2016-12-31,FY,34899000,302310000,3630313000,127782000,0.11544110350302669,19.129910328474292
INTG,2016-12-31,Q2,-414000,-46142000,132792000,34696000,0.035889211564301506,-10.207153153849546
FAST,2016-12-31,FY,499478000,1933094000,2668884000,3962036000,0.25838267564846823,16.48561818529126
GNRC,2016-12-31,FY,98812000,401122000,1861684000,1444453000,0.24633901905156036,18.073443202803194
CAAS,2016-12-31,FY,22977000,300480000,631699000,462050000,0.0764676517571885,-11.111109148818315
FSI,2016-12-31,FY,1793334,12463993,15158487,16246014,0.1438811783671573,40.00000916994569
KNDI,2016-12-31,FY,-6510757,232347467,439698185,129492013,-0.028021639676407577,41.66666501098216
XRAY,2016-12-31,FY,431400000,8114300000,11656100000,3745300000,0.053165399356691276,12.299561635181531
PFMT,2016-12-31,FY,-11453000,86245000,185078000,141360000,-0.1327961041219781,-25.000002709301977
PNR,2016-12-31,FY,522200000,4254400000,11534800000,4890000000,0.12274351259872132,21.86367934408599
IBTX,2016-12-31,FY,53540000,672365000,5852801000,210049000,0.07962936797721476,9.032255603421119
CE,2016-12-31,FY,906000000,2588000000,8357000000,5389000000,0.3500772797527048,34.674882346986315
SLGN,2016-12-31,FY,153351000,469415000,3149390000,3612914000,0.3266853423942567,14.091611523732386
CHMI,2016-12-31,FY,25243000,154232000,792878000,5017000,0.16366901810259868,-1.5325707697315576
CENX,2016-12-31,FY,-252415000,756655000,1540327000,140463000,-0.33359324923512035,129.43923395891468
GILD,2016-12-31,FY,13488000000,18887000000,56977000000,29953000000,0.7141420024355377,-3.3980638457660772
IOSP,2016-12-31,FY,81300000,653800000,1181400000,883400000,0.12434995411440808,1.582731617440423
CNET,2016-12-31,FY,-6344000,22242000,30042000,34300000,-0.2852261487276324,6.86274335641942
AMPH,2016-12-31,FY,10532000,329255000,427738000,255165000,0.031987365415863084,3.9999987628008866
UIS,2016-12-31,FY,-36700000,-1631000000,2021600000,2406300000,0.022501532801961988,-45.66666920979818
TPH,2016-12-31,FY,196133000,1829447000,3564640000,1220000,0.10720889973855488,54.08426397212811
MYGN,2016-12-31,Q2,4700000,732900000,1276100000,348900000,0.025651521353527083,102.89425785550476
WM,2016-12-31,FY,1180000000,5320000000,20859000000,13609000000,0.22180451127819548,22.376640896001675
RVP,2016-12-31,FY,-3694907,28108291,38778979,29826636,-0.13145256678892359,-29.89690854681422
GNBC,2016-12-31,FY,-972000,430482000,4024822000,155544000,-0.0022579341296500204,33.552628235473485
GNE,2016-12-31,FY,-32192000,96534000,121813000,212112000,-0.33347835995607766,-25.724016720331832
SUME,2016-12-31,FY,-1173864,5982002,19783141,90180309,-0.19623263248658226,76.92852242994935
NWPP,2016-12-31,FY,958000,46917000,634335000,24346000,0.020419037875396978,37.028571537562776
LYV,2016-12-31,FY,20297000,1126016000,6764266000,8354934000,0.01802549874957372,55.36496455289972
ARC,2016-09-30,Q3,-20803,-68884,1654123,364520,1.208001858196388,9.358292571087464
FDS,2016-11-30,Q1,66583000,496783000,1046165000,288063000,0.5361133533152302,23.793470091791853
MTSI,2016-12-30,Q1,-965000,462959000,1196695000,151752000,-0.008337671370466931,-29.688846642571757
CLF,2016-12-31,FY,174100000,-1464300000,1923900000,1913500000,-0.11889640101072185,-16.260158819455267
REAC,2016-12-31,FY,-26745,-75533,195,0,0.35408364555889477,-99.86015831134564
MORN,2016-12-31,FY,161000000,696500000,1350900000,798600000,0.23115577889447236,30.72256783738138
LIQT,2016-12-31,FY,-16418634,6269748,11412328,13906394,-2.618707163350106,-14.925376321032388
LBTYA,2016-12-31,FY,1767300000.0,13761300000.0,68684100000.00001,20008800000.0,0.12842536678947483,16.933117777005986
UCTT,2016-12-30,FY,10051000,216131000,380697000,562759000,0.0465042034691923,138.04124336717044
DBC,2016-12-31,FY,365971348,2557464539,2559242943,6447842,0.1430992854130049,6.134191790551909
ODP,2016-12-31,FY,529000000,1852000000,5540000000,11021000000,0.28563714902807774,-21.68141387531966
SONC,2016-11-30,Q1,13118000,-118193000,593316000,87152000,-0.44395184147961386,-2.950193281645891
HCSG,2016-12-31,FY,77396000,338842000,528446000,1562662000,0.22841324275030842,36.50958746448168
MMS,2016-12-31,Q1,46329000,759265000,1296337000,607564000,0.24407288627817691,29.06599894101911
PFIS,2016-12-31,FY,19583000,256618000,1999442000,68984000,0.0763118721212074,-4.412061833323326
LITE,2016-12-31,Q2,8400000,516400000,796700000,523100000,0.06506584043377227,31.09920248280548
SSKN,2016-12-31,FY,-3335000,14719000,43193000,31757000,-0.2265778925198723,-45.333332485622826
MU,2017-03-02,Q2,1074000000,14287000000,32355000000,8618000000,0.3006929376356128,92.79351198780161
NVEC,2016-12-31,Q3,9921486,94206992,95244562,19782529,0.421263254005605,22.107056122900524
SCI,2016-12-31,FY,177305000,1092713000,12038149000,3031137000,0.16226127080029248,29.538356079950283
ARC,2016-06-30,Q2,-34,-48115,1692910,52188,0.002826561363400187,5.141389261958453
AMBA,2017-01-31,FY,57810000,454634000,512271000,310297000,0.12715722977164048,2.3987071398275304
IHRC,2016-12-31,FY,2660801,56184945,579357948,65560838,0.047357899878695264,155.07246376811594
APPF,2016-12-31,FY,-8281000,69682000,92583000,105586000,-0.1188398725639333,80.43478260869566
ATOS,2016-06-30,Q2,-4049923,2410354,3284619,0,-6.720876684503604,-86.90476249044623
GLRE,2016-12-31,FY,46700000,874242000,2664693000,588366000,0.053417703564916805,-13.733901117477126
APDN,2016-12-31,Q1,-3961384,12181899,16769627,704417,-1.3007443256589142,-16.315791481419613
VHC,2016-12-31,FY,-28569000,11147000,18871000,1550000,-2.562931730510451,68.18181818181817
DBV,2016-12-31,FY,4017215,49780092,50024505,171479,0.08069922811713566,-5.42481303113992
ELRE,2016-12-31,Q3,-57484,-599547,153266,0,0.3835162214138341,-70.0
WSCO,2016-12-31,Q1,9799,-93258,21540,22000,-0.42029638207982156,-31.000001986821413
UNIR,2017-01-01,FY,7379462,16900147,58668497,100377278,0.43665075812654175,-55.39236375224817
DFS,2016-12-31,FY,2393000000,11323000000,92308000000,8616000000,0.21133975094939503,5.76102656210351
FMNB,2016-12-31,FY,20557000,213216000,1966113000,72498000,0.09641396518084946,-0.3378391222330155
MTRX,2016-12-31,Q2,14592000,331005000,635790000,654436000,0.17633570489871755,-22.608698969301972
VC,2016-12-31,FY,91000000,586000000,2373000000,3161000000,0.1552901023890785,54.60834644802397
TSRI,2016-11-30,Q2,293005,9705985,13831410,30285172,0.12075229871053787,-8.849557372750521
DBP,2016-12-31,FY,-6099895,139731686,140842955,581601,-0.043654343367759835,9.098647988201252
ADBE,2017-03-03,Q1,398446000,7588690000,13044783000,183385000,0.21002096541036727,74.7667374925821
FF,2016-12-31,FY,56341000,332813000,529043000,244822000,0.16928725740881517,1.0035867042074813
FIX,2016-12-31,FY,64896000,376633000,708903000,1634340000,0.17230566625866559,31.475905189148655
BBY,2017-01-28,FY,1228000000,4709000000,13856000000,39403000000,0.2607772350817583,76.05155206932224
NHC,2016-12-31,FY,7102000,143198000,305435000,264211000,0.049595664743921006,-19.231277545957877
CPLA,2016-12-31,FY,42969000,208292000,277313000,429390000,0.20629212835826627,-10.829494464733829
DOOR,2017-01-01,FY,104142000,646884000,1475861000,1973964000,0.1609902239041312,10.589109844842815
JCI,2016-12-31,Q1,378000000,19577000000,48788000000,5305000000,0.07723348827705981,-10.181474578724545
GPK,2016-12-31,FY,228000000,1056500000,4603400000,4298100000,0.21580690960719356,20.327099888322063
DJCO,2016-12-31,Q1,-1471000,138891000,248761000,9990000,-0.04236415606482782,-9.326503838135434
BEUT,2016-11-30,Q2,-26459,-61156,8113,0,1.7305906207076984,-82.75862012013566
GPN,2016-11-30,Q2,145074000,2655614000,10113114000,1881313000,0.21851669708022325,44.361771960468275
IBM,2016-12-31,FY,11872000000,18246000000,117470000000,51268000000,0.6506631590485585,-8.236143413877603
SNCR,2016-12-31,FY,19588000,657115000,1164729000,476750000,0.02980908973315173,-77.03570505300793
GNRT,2016-12-31,FY,67306000,1437411000,2992669000,404622000,0.04682446426248303,38.78406524171995
BA,2016-12-31,FY,4895000000,817000000,89997000000,84399000000,5.9914320685434515,87.87666520270948
HMMR,2016-10-31,Q1,-1049077,2454963,6267025,0,-1.7093161892867632,1.4999961853027344
HGBL,2016-12-31,FY,14000,3494000,15144000,15371000,0.004006868918145392,-33.92857085837394
LXRX,2016-12-31,FY,-141429000,157401000,475625000,83182000,-0.8985266929689137,-30.422533470778845
DIGP,2016-09-30,FY,0,1234962,1446875,818583,0.0,-17.458726616395808
EGN,2016-12-31,FY,-167513000,3120602000,4579823000,621366000,-0.05367970667198188,-1.4043495519706939
TPCA,2016-12-31,FY,43544000,903505000,1325035000,847152000,0.048194531297557845,93.4017083583734
GVA,2016-12-31,FY,66200000,885988000,1733453000,1365198000,0.07471884495049594,14.971909389839254
BEN,2016-12-31,Q1,418800000,11964800000,16210300000,1560800000,0.14001069804760632,7.146397879541403
CMC,2016-11-30,Q1,6275000,1329933000,3002580000,1075063000,0.018873131202850068,-10.63153170492615
CRWS,2017-01-01,Q3,3963000,38054000,54823000,48670000,0.4165659326220634,-17.834396335995383
CRMT,2017-01-31,Q3,14963000,239218000,434651000,384117000,0.2501985636532368,8.700828712275532
SMID,2016-12-31,FY,2835200,14243119,24052225,40050046,0.19905752384712927,29.245276568240886
PRPH,2016-12-31,FY,-2868000,5962000,12802000,21014000,-0.48104662864810466,6.89655698902934
PZZA,2016-12-25,FY,109092000,-3911000,512565000,1713620000,-27.893633341856304,-34.91191636046979
ICAD,2016-12-31,FY,-10099000,25038000,38651000,10471000,-0.40334691269270706,6.172840959723081
ONVO,2016-12-31,Q3,-27790000,70904000,76131000,2396000,-1.5677535823084734,-63.38797765796339
ECL,2016-12-31,FY,1247100000,6901100000,18330200000,13152800000,0.18071032154294242,13.673323987691363
AVB,2016-12-31,FY,1033708000,10171416000,17867271000,2045255000,0.1016287211141497,1.013480123659953
WAB,2016-12-31,FY,304887000,2205977000,6581018000,2931188000,0.13820950989062897,-3.082595145645438
FBIZ,2016-12-31,FY,14909000,161650000,1780699000,78117000,0.09223012681719765,-6.231451054879408
LH,2016-12-31,FY,733200000,5505800000,14247000000,9437200000,0.13316865850557594,23.58410538449307
CWBC,2016-12-31,FY,5229000,65336000,710572000,32216000,0.08003244765519775,12.10525914242393
SWK,2016-12-31,FY,965300000,6367000000,15634900000,11406900000,0.15160986335793938,46.60043407464903
NROM,2016-12-31,FY,-870840,14018430,19898859,7836485,-0.062121079179337485,42.857152993987526
AMCX,2016-12-31,FY,289963000,-30082000,4480595000,2755654000,-9.639086496908451,0.989734083184337
CUII,2016-12-31,FY,5019583,14575988,51407543,69934006,0.3443734311526601,-18.500002225240074
WABC,2016-12-31,FY,58853000,561367000,5366083000,134051000,0.10483872404327294,-5.7007160757439985
KAI,2016-12-31,FY,32469000,282629000,470691000,414126000,0.114882053858592,61.93548633206275
MDXG,2015-12-31,FY,29446000,107988000,135913000,187296000,0.27267844575323186,-5.122727300947965
SIG,2017-01-28,FY,543200000,2490200000,6597800000,6408400000,0.21813508955104008,-30.141489794384164
FOXF,2016-12-30,FY,35675000,184937000,335600000,403077000,0.19290352930998123,39.99999450133728
NVDA,2017-01-29,FY,1666000000,5762000000,9841000000,6910000000,0.28913571676501215,121.16888679835243
IWSY,2016-12-31,FY,-9527000,-1260000,5680000,1249000,7.561111111111111,17.77777817023634
ZDPY,2016-12-31,FY,-501576,6178685,9635999,1853708,-0.08117843845413708,-51.55555407206217
ZION,2016-12-31,FY,469050000,7634306000,63239165000,1954314000,0.06143976937785831,17.716538841621862
CBFV,2016-12-31,FY,7580000,89469000,846075000,32018000,0.08472208250902548,15.251629691240346
DYSL,2016-12-31,Q1,2739000,18794000,28252000,9143000,0.5829520059593487,-9.230769936149668
CBI,2016-12-31,FY,-239823000,1413538000,7839420000,10679558000,-0.16966151599744753,-35.29411867828104
IROQ,2016-12-31,Q2,2473000,82484000,580351000,10756000,0.11992628873478493,5.983831029674233
FCEL,2017-01-31,Q1,-13685000,105682000,328224000,1807000,-0.5179690013436536,14.00000254313151
MASI,2016-12-31,FY,300666000,560236000,820525000,694625000,0.5366774002384709,25.81602541833475
FARO,2016-12-31,FY,11107000,339657000,423714000,256010000,0.03270063623007917,26.344083430298763
H,2016-12-31,FY,204000000,3903000000,7749000000,4429000000,0.05226748654880861,31.556348672874364
SOTK,2016-11-30,Q3,28460,7790582,10812240,7149766,0.014612515470602837,43.56436251238419
ODFL,2016-12-31,FY,295765000,1851158000,2696247000,2991517000,0.15977296373405186,51.590225020546086
MATW,2016-12-31,Q1,8974000,687763000,2107344000,348998000,0.052192397671872434,-31.25000372529015
SRCE,2016-12-31,FY,57786000,672650000,5486268000,191760000,0.08590797591615253,11.098635425057651
STCC,2016-09-30,Q3,-87120,767340,5609118,4422717,-0.45414027680037533,150.00000931322595
NDLS,2017-01-03,FY,-71677000,25818000,209461000,487474000,-2.7762413819815634,28.395050972123748
SGBI,2016-12-31,Q2,-149775,-223324,165838,25797,2.682649424155039,30.000005587935576
ABMD,2016-12-31,Q3,37217000,417380000,500964000,320541000,0.3566725765489482,66.79423517628885
TLF,2016-12-31,FY,6402259,53693201,70652720,82923992,0.11923779697917433,-3.7267103556115204
BBOX,2016-12-31,Q3,-5261000,142575000,436448000,118253000,-0.14759950903033492,-76.79738622182477
SCMP,2016-12-31,FY,18487000,167099000,520851000,128796000,0.11063501277685683,28.673842353873336
PCH,2016-12-31,FY,10938000,156274000,927681000,599099000,0.06999244915980905,18.95113377438326
KPTI,2016-12-31,FY,-109577000,162243000,180385000,154000,-0.6753881523393922,-0.41493734884287353
AMD,2016-12-31,FY,-497000000,416000000,3321000000,4272000000,-1.1947115384615385,-10.061247082240598
TPL,2016-12-31,FY,37239550,47624522,62453929,59911397,0.7819406565382431,49.08041334567252
AOLS,2016-12-31,Q1,-1087000,2135000,2649000,83000,-2.036533957845433,-76.96335086703304
BNET,2016-12-31,Q2,-1378047,-14835594,20270,0,0.3715515536486102,-10.666664441426594
CVV,2016-12-31,FY,-149124,34313262,45604692,20955347,-0.004345958131290462,35.90642837822388
RGA,2016-12-31,FY,701443000,7093082000,53097879000,11521511000,0.09889114492120632,25.24497403677209
UUP,2016-12-31,FY,27600800,845909239,849961943,2321505,0.032628559575290324,-10.0
TRC,2016-12-31,FY,515000,305875000,439701000,45577000,0.0016836943195749899,-14.468799774813235
SMTC,2017-01-29,FY,54661000,605263000,1011542000,544272000,0.09030950181987003,10.120853302871073
AMTX,2016-12-31,FY,-15636000,-49813000,77810000,143158000,0.3138939634232028,-64.28571262695789
OPRX,2016-12-31,FY,-1539203,7812179,11478759,7751462,-0.1970260794075507,93.82715673882245
ENSV,2016-12-31,FY,-8551212,14415446,42369996,24608453,-0.5931978795522524,12.982451835265312
ESSA,2016-12-31,Q1,1937000,171439000,1778610000,14650000,0.045193917370026655,-1.570351751268321
FSBW,2016-12-31,FY,10499000,81033000,827926000,38020000,0.1295644984142263,52.64335578971809
INOD,2016-12-31,FY,-5911000,33784000,47588000,63074000,-0.17496448022732655,-42.12765661717096
IPDN,2016-12-31,FY,-4108502,28775623,41137877,2931642,-0.14277716941176216,-60.13645164378685
UPS,2016-12-31,FY,3431000000,405000000,40377000000,60906000000,8.471604938271605,3.5366698210513214
EBAY,2016-12-31,FY,7266000000,10539000000,23847000000,8979000000,0.6894392257329918,26.474535809255933
RNST,2016-12-31,FY,90930000,1232883000,8699851000,329138000,0.07375395718815167,-3.401848285179654
VUZI,2016-12-31,FY,-19250082,17721837,22345260,1987878,-1.0862351346533659,-13.194442144882471
FCCN,2016-12-31,FY,-180660,-498147,10390,0,0.36266403290594945,-69.00000096857546
PRLB,2016-12-31,FY,42707000,379833000,414241000,298055000,0.1124362548804343,95.0757603945264
IDA,2016-12-31,FY,198088000,2153906000,6289897000,1262020000,0.09196687320616591,14.114418431611425
MLI,2016-12-31,FY,99754000,898684000,1447476000,2055622000,0.1110000845681018,-13.225572578279305
SWKH,2016-12-31,FY,32041000,204305000,208932000,22380000,0.15682925038545312,4.807692484037418
KMT,2016-12-31,Q2,-13286000,902806000,2254781000,964713000,-0.058865359778291236,51.755487229822414
BCDA,2016-12-31,FY,-10310000,20582000,22082000,517000,-0.5009231367214071,-81.69781925808164
ECEZ,2016-11-30,Q2,-757344,-1224234,14395,9387,2.4745073245801046,-99.99290909110145
IZEA,2016-12-31,Q4,-7560200,8987863,17022617,27310602,-3.364626274343523,0.4444440205891927
FLL,2016-12-31,FY,-5094000,56479000,177248000,145992000,-0.0901928150285947,69.86900304384528
CEVA,2016-12-31,FY,13100000,211551000,242495000,72653000,0.0619236023464791,37.35120125503546
AWI,2016-12-31,FY,104700000,266400000,1758000000,1234500000,0.393018018018018,43.31360766168177
ENTG,2016-12-31,FY,97147000,899218000,1699532000,1175270000,0.10803498150615312,68.23204486842614
POWL,2016-12-31,Q1,-300000,330051000,436992000,110341000,-0.0036358017397311324,-27.468355396125887
ICD,2016-12-31,FY,-22178000,257252000,302107000,70062000,-0.08621118591886555,-40.597016064088734
FBEC,2016-09-30,Q3,-172663,-1963416,75665,1529,0.3517604012598451,-99.30555556116973
TSPG,2017-01-31,Q2,-123960,8348,38648,0,-59.39626257786296,33.33334195669065
FC,2016-11-26,Q1,-3958000,90470000,181289000,38073000,-0.17499723665303415,-9.154924532569725
ARWR,2016-12-31,Q1,-12086108,97763609,144258106,4365496,-0.49450334837782023,119.04762986025337
SASR,2016-12-31,FY,48250000,533572000,5091383000,170556000,0.09042828334320392,-2.2055163770970556
AGM,2016-12-31,Q4,77300000,643425000,15606020000,311900000,0.48055328903912653,35.012936727700726
SVTE,2016-08-31,FY,-457475,103829,651932,3030734,-4.4060426277822184,-86.66666711939291
UCBI,2016-12-31,FY,100656000,1075735000,10708655000,335020000,0.09356951293766587,-5.220616761630442
CTXR,2016-12-31,Q1,-2175898,15163612,21482323,0,-0.5739788119084028,-38.21138384731597
MTX,2016-12-31,FY,137100000,1006500000,2863400000,1552100000,0.1362146050670641,-11.446947300165796
AR,2016-12-31,FY,-749448000,6262625000,14255550000,1744525000,-0.11966994670765055,-19.76351454756048
COTY,2016-12-31,Q2,61900000,9793100000,21891000000,3376900000,0.025283107494051934,6.534543697745211
CDXS,2016-12-31,FY,-8558000,19099000,35648000,48837000,-0.44808628724016963,85.5555640326606
LQMT,2016-12-31,FY,-18752000,54826000,61367000,453000,-0.3420275051982636,9.523814930126678
REX,2017-01-31,FY,39518000,340435000,454024000,453799000,0.11608089650006609,-1.553649539259176
MRO,2016-12-31,Q4,-2140000000,17541000000,31094000000,3753000000,-0.48799954392565986,-4.673422933611703
CZWI,2016-12-31,Q1,940000,63826000,686414000,6948000,0.05891016200294551,9.577924792250716
IMAX,2016-12-31,FY,39320000,562012000,857334000,377334000,0.06996291894123258,-27.42946741264926
SMCI,2016-12-31,Q2,35528000,752200000,1349856000,1180922000,0.1889284764690242,-26.432338334273936
SANM,2016-12-31,Q1,44864000,1662766000,3667987000,1719977000,0.10792619045614356,-8.839780926788057
BRFH,2016-12-31,FY,-10190725,10910287,11823390,1457499,-0.9340473811550511,-25.641028534893902
HALO,2016-12-31,FY,-103023000,-32481000,261515000,53392000,3.171792740371294,102.80280974034666
LC,2016-12-31,FY,-145969000,975770000,5562631000,500812000,-0.1495936542422907,-23.800740487626694
HTBK,2016-12-31,FY,27381000,259850000,2570880000,94431000,0.10537233019049451,8.729592114379187
ENVA,2016-12-31,FY,34602000,241699000,977879000,745569000,0.1431615356290262,14.71697969256707
GSBC,2016-12-31,FY,45342000,429806000,4550663000,185175000,0.1054941066434624,-4.792623915430587
BR,2016-12-31,Q2,63800000,985800000,2967300000,1787900000,0.2588760397646582,37.38814107656508
PRFT,2016-12-31,FY,20459000,359465000,456576000,418589000,0.0569151377741922,7.740106626171969
UDN,2016-12-31,FY,-1460793,32749139,32776491,119801,-0.04460553909524156,10.409465492610648
HTH,2016-12-31,FY,147944000,1870509000,12738062000,455954000,0.07909291000470994,-15.763218554119355
RAVE,2016-12-25,Q2,-9421000,878000,11029000,30248000,-42.92027334851936,-30.697677049074525
CTMX,2016-12-31,FY,-58900000,78479000,199128000,15043000,-0.7505192471871456,97.10551386705674
EVTC,2016-12-31,FY,75126000,104676000,885662000,389507000,0.7177003324544308,-23.743017265767726
ESE,2016-12-31,Q1,10727000,620637000,1069496000,146368000,0.06913542054373169,5.0566723679818715
OMER,2016-12-31,FY,-66745000,-37447000,67278000,41444000,1.7823857718909393,92.37623337939297
HNI,2016-08-31,Q3,-18565,48595,48595,0,-1.5281407552217305,-34.68839340786977
VLY,2016-12-31,FY,168146000,2377156000,22864439000,766923000,0.07073410411432822,-3.938356388082729
CSBR,2017-01-31,Q3,-4459773,2040000,7546000,11691000,-8.74465294117647,-18.105260949385794
RIG,2016-12-31,FY,827000000,15802000000,26889000000,4161000000,0.052335147449689916,-30.332678680184415
CTRE,2016-12-31,FY,29353000,452430000,925358000,104679000,0.06487854474725371,9.685867289101443
GES,2017-01-28,FY,25398000,969222000,1534485000,2118534000,0.02620452280282536,55.113645160071755
PBH,2016-12-31,Q3,58305000,799857000,2810852000,640519000,0.29157711941009457,-15.842335679043215
PACB,2016-12-31,FY,-74375000,84668000,137884000,64609000,-0.8784310483299476,-39.44954073255528
CBZ,2016-12-31,FY,40065000,480021000,1118588000,799832000,0.08346509840194491,12.36363497647372
DGX,2016-12-31,FY,696000000,4628000000,10100000000,7515000000,0.15038893690579083,6.5332624282387135
AME,2016-12-31,FY,512158000,3256513000,7100674000,3840087000,0.157271904027406,47.236894399385925
LCII,2016-12-31,FY,129671000,550269000,786904000,1678898000,0.23565020017482358,11.587982832618025
TNC,2016-12-31,FY,46614000,278543000,470037000,808572000,0.16734938591169046,0.06887472838671825
BKD,2016-12-31,FY,-404636000,2077982000,9217687000,4976980000,-0.19472545960455864,-24.04072465504175
EMR,2016-12-31,FY,-2189927,633214,1416115,20488,-3.458431114915337,22.37050308655558
AMRC,2016-12-31,FY,11997000,294306000,797281000,651227000,0.040763694929766975,52.21239356298541
CRTO,2016-12-31,FY,87329000,600132000,1211186000,1799146000,0.14551631974298987,-37.831379625798874
ABM,2017-01-31,Q1,-56800000,907400000,2411900000,1326700000,-0.25038571743442806,-5.29833974247818
UNP,2016-12-31,FY,4233000000,19932000000,55718000000,19941000000,0.21237206502107164,30.803755847162357
BLMN,2016-12-25,FY,46347000,182699000,2642279000,4226057000,0.2536795494228211,15.899120915134175
AZZ,2016-11-30,Q3,49337000,519304000,1017675000,665171000,0.38002403216613007,-26.113671887039956
KOP,2016-12-31,FY,27700000,30400000,1087500000,1416200000,0.9111842105263158,25.21525120601673
DTH,2016-12-31,FY,-52993000,-267392000,676537000,1836154000,0.1981846876495931,15.74967706870494
ADBE,2016-12-02,FY,1168782000,7424835000,12707114000,800498000,0.15741521528761246,80.00601446884444
JAKK,2016-12-31,FY,1249000,134288000,464303000,706603000,0.009300905516501846,-54.36893203883495
AAT,2016-12-31,FY,45637000,809556000,1986933000,295088000,0.05637287599622509,-11.152414347019386
ECPN,2016-12-31,Q1,-448011,1757908,3350454,0,-1.0194185361236197,-40.85185659150434
SYPR,2016-12-31,FY,6043000,26098000,62637000,69863000,0.23155031036861062,53.333336865460524
FLR,2016-12-31,FY,327449000,3125191000,9216417000,19036525000,0.1047772760128901,-2.602295465178712
ULTA,2017-01-28,FY,409760000,1550218000,2551878000,4854737000,0.26432411441487585,-15.726549480428561
TECH,2016-12-31,Q2,22595000,890573000,1520025000,262388000,0.10148522355831582,26.254753222064082
AGI,2016-12-31,FY,17100000,-1539600000,766300000,969400000,-0.011106780982073267,-10.33057818671051
VLGEA,2017-01-28,Q2,10101000,278748000,449982000,801907000,0.14494812518834216,-21.32763623408276
GS,2016-12-31,FY,7398000000,86893000000,860165000000,9691000000,0.08513919418134948,5.460109609101633
HQY,2017-01-31,FY,26376000,261940000,279136000,178370000,0.10069481560662748,10.48648318728885
FIVN,2016-12-31,FY,-11860000,30328000,105239000,162090000,-0.3910577683988394,75.33474204721958
GCBC,2016-12-31,Q2,5433000,78379000,931981000,16298000,0.2772681458043609,38.42887273991328
MTG,2016-12-31,FY,342517000,2548842000,5734529000,1062483000,0.13438141712981816,35.41266365993842
SAIC,2017-02-03,FY,148000000,354000000,2042000000,4450000000,0.4180790960451977,-9.673519099410369
BFIN,2016-12-31,FY,7502000,204780000,1620037000,50928000,0.03663443695673406,2.403208420244176
BGC,2016-12-31,FY,-93500000,153100000,2241600000,3858400000,-0.6107119529719138,44.8705772972767
CUBI,2016-12-31,FY,78702000,855872000,9382736000,322539000,0.09195533911612952,-27.09677795595154
PII,2016-12-31,FY,212948000,867040000,3099597000,4516629000,0.2456034323675955,50.09078434534327
VMRI,2016-11-30,FY,-993451,250940,436672,0,-3.958918466565713,-96.534653417872
LYB,2016-12-31,FY,3837000000,6048000000,23442000000,28454000000,0.6344246031746031,26.979745836126956
UFPI,2016-12-31,FY,105497000,849180000,1292058000,3240493000,0.1242339668857015,8.3629334058254
UEC,2017-01-31,Q2,-8585063,49718406,76665928,0,-0.6906949510810946,-3.1055944771003032
ADM,2016-12-31,FY,1288000000,17181000000,39769000000,62346000000,0.0749665327978581,-13.227964878356246
CLSH,2016-11-30,Q2,-1740528,-2916843,242810,0,2.3868655255013724,-28.813558380277044
HEWA,2016-12-31,FY,-1408203,-4270644,975165,10384893,0.3297401984337725,55.17241414747115
EBMT,2016-12-31,FY,5132000,59456000,673925000,23911000,0.08631593110871905,-2.558135986328125
FFKT,2016-12-31,FY,16605000,184066000,1671030000,59371000,0.09021220649114992,-8.004775618313683
MNRO,2016-12-24,Q3,51865000,574026000,1162750000,769500000,0.3614122008410769,4.83437929580345
PFTI,2016-12-31,FY,-1441217,-7757425,1523442,1949130,0.18578548938597536,-83.74999930150805
NHMD,2016-11-30,Q2,1100336,-463727,404767,3392,-9.491239457698171,-53.12499840838423
TORM,2016-12-31,FY,444000,28271000,35729000,38456000,0.01570513954228715,-7.377046168859609
VICR,2016-12-31,FY,-6261000,130809000,154067000,200280000,-0.04786367910464876,35.714286598955795
ADI,2017-01-28,Q1,217129000,5306431000,10203371000,984449000,0.16367234399165842,23.02044813791961
GE,2016-12-31,Q4,8540000000,75828000000,365183000000,75414000000,0.4504932215012924,-44.93530756081131
MMEX,2016-04-30,FY,-2523853,-2801699,1416,0,0.9008294609806407,171.42857142857142
CSRA,2016-12-30,Q3,276000000,304000000,4886000000,3739000000,3.6315789473684212,-6.030150964487014
ESOA,2016-12-31,Q1,1238657,23685099,49958360,37496872,0.20918755712188494,-38.40579516094939
INSG,2016-12-31,FY,-60568000,-17763000,158716000,187375000,3.409784383268592,-35.599998474121094
TSOI,2016-03-31,Q1,-228788,-119463,372336,530,7.660547617253878,-5.660376695391526
SBAC,2016-12-31,FY,76238000,-1995921000,7360945000,1633125000,-0.03819690258281766,54.799585425940435
TSLA,2016-12-31,FY,-773046000,4752911000,22664076000,5589007000,-0.16264684947814087,43.485875519985235
UVE,2016-12-31,FY,99410000,371190000,1060007000,685289000,0.2678143268945823,-4.869563890540082
DRQ,2016-12-31,FY,93221000,1356424000,1461404000,433012000,0.06872556073911992,-22.185968423142903
HLF,2016-12-31,FY,260000000,196300000,2565400000,4244200000,1.3245033112582782,37.670264507657045
XOXO,2016-12-31,FY,12120000,174550000,210186000,0,0.06943569177885993,-6.6734153506074065
WBA,2016-11-30,Q1,1067000000,29325000000,71912000000,28501000000,0.14554134697357204,-15.118617585821232
FUNC,2016-12-31,FY,7281000,113698000,1318190000,45863000,0.0640380657531355,9.09090800379102
ZBRA,2016-12-31,FY,-137000000,792000000,4632000000,3056000000,-0.17297979797979798,20.34782962522645
HURC,2017-01-31,Q1,879000,186548000,251827000,48744000,0.01884769603533675,53.431373129559525
MBUU,2016-12-31,Q2,11963000,25727000,215780000,129682000,1.8599914486726008,55.89931839540267
SXT,2016-12-31,FY,126256000,835741000,1667860000,1383210000,0.15107072645712008,-5.880081861870658
ELF,2016-12-31,FY,5313000,140862000,414729000,229567000,0.0377177663244878,-22.909471132568964
CBAN,2016-12-31,FY,8673210,93387733,1210441617,44589089,0.09287311857115109,9.774437384147394
RDN,2016-12-31,FY,308253000,2872286000,5863174000,168894000,0.10731974462153142,13.804527419899786
MSI,2016-12-31,FY,562000000,-964000000,8463000000,3649000000,-0.58298755186722,8.062198548790573
ILMN,2017-01-01,FY,428090000,2197229000,4280600000,2031997000,0.19483176309797476,66.62090853151645
OIS,2016-12-31,FY,-46390000,1204307000,1383898000,416174000,-0.03852007835211454,-28.625477558709296
SAH,2016-12-31,FY,93193000,725164000,3639336000,7978675000,0.1285129984389738,-19.95661009274597
WESC,2016-12-31,Q2,-26930,-17508,17459,464,6.152615946995659,30.19606987366062
ACFC,2016-12-31,FY,6418000,87018000,907459000,33889000,0.07375485531729067,38.88071219667995
FCF,2016-12-31,FY,59590000,749929000,6684018000,217614000,0.07946085562766608,0.9161389590217761
SRG,2016-12-31,FY,-91009000,804557000,2712237000,248674000,-0.11311690781386527,-2.294133703066948
RELL,2016-11-26,Q2,-2522000,132836000,155404000,33827000,-0.0759432683910988,6.554627828986795
LAD,2016-12-31,FY,197058000,910776000,3844150000,8678157000,0.21636275000658778,15.813615637520378
KELYA,2017-01-01,FY,120800000,1012000000,2028100000,5276800000,0.11936758893280633,18.000864290538956
COFS,2016-12-31,FY,6090000,71698000,607371000,20312000,0.08493960779938074,5.22105798505532
BCBP,2016-12-31,FY,8003000,131081000,1708208000,71355000,0.06105385219825909,10.856269759760105
C,2016-12-31,FY,14975000000,225120000000,1792000000000,57615000000,0.06652007818052594,22.809050131568963
FZMD,2016-12-31,FY,-585935,450615,767147,567607,-1.3003007001542337,837.5000209547585
VIAV,2016-12-31,Q2,127200000,709400000,1718800000,372500000,0.7172258246405413,4.545456101034725
PLBC,2016-12-31,FY,7474000,47994000,657975000,25100000,0.15572779930824687,37.27811412197573
SRDX,2016-12-31,Q1,2300000,107183000,128625000,7701000,0.08583450733791739,8.108109700384983
VGR,2016-12-31,FY,77266000,-332000000,1404035000,1690949000,-0.2327289156626506,3.6568176988221546
WVE,2016-12-31,FY,-55401000,134863000,164811000,1485000,-0.41079465828285,33.969455923722364
ADMA,2016-12-31,FY,-19515151,-4457262,23685085,10518203,4.37828222796865,-35.54216815556994
BIOL,2016-12-31,FY,-15371000,22065000,41941000,51810000,-0.6966236120552912,-70.74829931972789
ATEN,2016-12-31,FY,-20940000,86066000,221338000,153920000,-0.243301652220389,-8.31354251495921
CMI,2016-12-31,FY,1456000000,6875000000,15011000000,17509000000,0.21178181818181818,26.36097565874277
LEAI,2016-12-31,FY,3881000,-42174000,20364000,89196000,-0.0920235216009864,14.285715299398753
FSTJ,2016-12-31,Q2,-18673,-117214,9973,0,0.6372276349241558,0.0
ROK,2016-12-31,Q1,214700000,2049700000,7094300000,1330200000,0.4189881446065278,41.72803206218238
HRTG,2016-12-31,FY,33865000,357959000,1033244000,438958000,0.09460580681027715,12.695439122595758
PPL,2016-12-31,FY,1902000000,9899000000,38315000000,7517000000,0.1921406202646732,-9.050831991893068
PAYC,2016-12-31,FY,43840000,116527000,1078613000,323548000,0.3762218198357462,72.8642128704451
KTCC,2016-12-31,Q2,3320000,106875000,234502000,235652000,0.12425730994152047,-12.78772350445547
IPG,2016-12-31,FY,632500000,2017100000,12485200000,7846600000,0.31356898517673887,-14.249257119760806
TWI,2016-12-31,FY,-36137000,293872000,1262951000,1265497000,-0.1229685032939511,13.48017340571287
USB,2016-12-31,FY,5944000000,47298000000,445964000000,13167000000,0.12567127574104614,4.119710035559859
SOHU,2016-12-31,FY,-114973000,993580000,2563690000,1650431000,-0.11571589605265807,21.97523173158271
HNDI,2016-11-30,Q2,-252547,-885612,1491679,0,1.1406665673003527,-63.799998703598995
CZNC,2016-12-31,FY,15762000,186008000,1242292000,44098000,0.08473829082620102,-8.01073261925827
ASG,2016-06-30,Q2,-45091,-35236,130,0,5.118742195481894,19.55989447559107
OPOF,2016-12-31,FY,3797000,93990000,902966000,29826000,0.040397914671773595,16.895870758959855
PHOT,2016-12-31,FY,-7694684,-6706910,534576,1231281,1.1472770620151456,89.0804668935294
WSBC,2016-12-31,FY,86635000,1341408000,9790877000,286097000,0.0645851224981512,-5.355062156471862
ANDE,2016-12-31,FY,14470000,774361000,2232849000,3924790000,0.01868637495948272,-28.060045802797767
CRS,2016-12-31,Q2,800000,1130300000,2777400000,816300000,0.0028311067858090774,39.507531444117085
PRGS,2016-11-30,FY,-55726000,406629000,754827000,270478000,-0.13704384094592367,39.6685818846643
SSY,2016-12-31,Q2,6121000,25664000,40643000,27301000,0.9540211970074813,40.7079681493876
FBMS,2016-12-31,FY,10118687,154526707,1277367246,44603997,0.0654818005019676,28.81356589720892
PGTI,2016-12-31,FY,23747000,132519000,436648000,458550000,0.17919694534368658,47.807025836041966
YPPN,2016-11-30,Q2,-4305008,-4463903,4741610,207066,3.857617873865091,-59.15686233547365
TTMI,2017-01-02,FY,35575000,820847000,2500076000,2533359000,0.0433393799331666,13.71553251050201
IART,2016-12-31,FY,74564000,839667000,1807954000,992075000,0.0888018702652361,12.373797696367117
WEX,2016-12-31,FY,57476000,1505747000,5997097000,138940000,0.03817108717467144,25.828580199151403
DLTR,2017-01-28,FY,896200000,5389500000,15701600000,20719200000,0.16628629743018833,53.39534924275851
PVNC,2017-01-31,Q3,-91778,-108717,0,0,3.3767672029213465,-72.72727272727273
MNTR,2016-12-31,FY,-855141,4051629,5378599,20000,-0.21106103248841393,76.15384968074834
CUDA,2016-11-30,Q3,7014000,-4957000,453718000,62824000,-5.659874924349405,-15.217387473425397
DCOM,2016-12-31,FY,72514000,565868000,6005430000,195627000,0.12814649352852608,-7.161805592305603
HON,2016-12-31,FY,4846000000,19369000000,54146000000,31362000000,0.25019360834322885,32.00207492689555
INVE,2016-12-31,FY,-13703000,4113000,40600000,56168000,-3.3316314125942132,-4.571431023733957
PLPC,2016-12-31,FY,15255000,223543000,340937000,336634000,0.06824190424213686,22.775193300740206
MWBC,2016-12-31,Q2,197000,16250000,128521000,2161000,0.048492307692307696,28.442802319570422
TG,2016-12-31,FY,24466000,310783000,651162000,828341000,0.0787237397154928,-21.31147105281816
MA,2016-12-31,FY,4059000000,5656000000,18675000000,10776000000,0.7176449787835927,43.61894058917545
OVLY,2016-12-31,FY,7665000,82450000,1002110000,32289000,0.09296543359611886,56.32000732421874
AMEH,2016-12-31,Q3,-3854607,3786318,16784560,42669205,-4.07214291034192,220.00000000000003
EXPL,2016-09-30,Q3,-244522,108606,601770,0,-9.00583761486474,-33.33333498901784
AMSF,2016-12-31,FY,77865000,456150000,1518856000,396662000,0.17070042749095693,-2.299763331459564
XXII,2016-12-31,FY,-11581430,24334359,27642357,12279979,-0.4759291173439169,156.8807279515461
GLUC,2016-12-31,FY,-410443,-495447,33145,313229,0.828429680672201,141.46340665613047
BW,2016-12-31,FY,-115082000,552149000,1529143000,1578263000,-0.2084256242427316,-66.25074378662211
JUNO,2016-12-31,FY,-245580000,1077701000,1349464000,79356000,-0.227873965042252,134.53052653294216
CLH,2016-12-31,FY,-39873000,1084241000,3681920000,2280809000,-0.03677503433277288,-2.780267689794703
DEA,2016-09-30,Q3,-6356,-4436,64,0,5.7312894499549145,8.333334166382182
NDAQ,2016-12-31,FY,108000000,5430000000,14150000000,3705000000,0.019889502762430938,15.22195453170488
GPS,2017-01-28,FY,676000000,2904000000,7610000000,15516000000,0.2327823691460055,52.31643248431585
JTPY,2016-12-31,FY,-8215000,10209000,187210000,56330000,-0.8046821432069743,12.888887193467882
DEA,2016-12-31,FY,-16335,-14665,64,0,1.1138765768837369,5.5390745661088285
PCTY,2016-12-31,Q2,-4239000,125341000,1252941000,133676000,-0.1352789589998484,56.729809266405454
MET,2016-12-31,FY,804000000,67309000000,898764000000,63476000000,0.01194491078459047,4.510543507616124
IONS,2016-12-31,FY,-86556000,99565000,912467000,346620000,-0.8693416361171095,6.252638519078764
AMNL,2016-12-31,FY,-7639772,-20968054,6079539,4013134,0.3643529342303296,-51.11111008090735
LW,2016-11-27,Q2,166800000,-758600000,2400200000,1567000000,-0.8795148958607962,66.27976736639675
ESCA,2016-12-31,FY,11493000,101713000,150761000,167650000,0.11299440582816356,-6.463874163141697
SMBC,2016-12-31,Q2,7885000,130353000,1492349000,30188000,0.2419583745675205,8.610226783252454
LNT,2016-12-31,FY,381700000,3862000000,13373800000,3320000000,0.09883480062143966,12.338519028530476
LRN,2016-12-31,Q2,-2738000,559647000,737488000,450228000,-0.01956947861777156,-9.142859322684153
ADAP,2016-12-31,FY,-71579000,166142000,234515000,14198000,-0.43083025363845384,62.135922667195665
BG,2016-12-31,FY,767000000,7144000000,19188000000,42679000000,0.10736282194848824,-8.410699361532997
RVNC,2016-12-31,FY,-89300000,177071000,204360000,300000,-0.5043174771701747,65.89327733487362
THST,2016-12-31,Q2,482000,10619000,28175000,11622000,0.1815613522930596,14.999999337726152
GFMH,2016-07-31,Q1,47958,334721,496366,125000,0.5731101424768688,-4.255321889360263
TGLS,2016-12-31,FY,23180000,113565000,394730000,295274000,0.20411218245057897,-39.605588672512006
SGLDF,2016-12-31,FY,-3156302,-315587,129093,278921,10.001368877678738,170.23810140467575
DNOW,2016-12-31,FY,-234000000,1183000000,1603000000,2107000000,-0.1978021978021978,-48.069680546938514
LCTC,2016-12-31,FY,433151,5888644,8073448,7888786,0.07355700225722595,-10.344827586206897
TTEC,2016-12-31,FY,37435000,361895000,846304000,1275258000,0.10344160599068791,32.40131745089126
SSP,2016-12-31,FY,67235000,945935000,1728373000,943047000,0.07107782247194575,-19.64010539154973
OPTT,2017-01-31,Q3,-6910000,7792000,12421000,593000,-3.547227926078029,-53.61216667993833
IFXY,2016-12-31,Q2,-35246,-41836,758858,0,3.369920642508844,599.9999927240422
TEX,2016-12-31,FY,-175500000,1484700000,5006800000,4443100000,-0.1182056981208325,50.97057111594643
RLJ,2016-12-31,FY,201314000,2221924000,4023393000,1159995000,0.09060345898419568,-10.472703774622595
OMTK,2016-12-31,FY,-901392,1281448,2026978,1296655,-0.703416759790487,-63.15789411768028
OVTZ,2016-12-31,FY,-453240,-321556,68576,0,1.4095212031496847,-56.24999883584676
CTBO,2016-12-31,Q3,-786722,-596507,10759,0,5.275525685364967,-89.98266230013485
TAIT,2016-12-31,FY,-3118000,11583000,14036000,6915000,-0.2691876025209359,38.84296649450613
HIBB,2017-01-28,FY,61075000,334040000,458854000,972960000,0.182837384744342,-25.96439110358284
EKSO,2016-12-31,FY,-23470000,6531000,24425000,13334000,-3.5936303781962944,-47.53694587452089
NOG,2016-12-31,FY,-293493708,-487421668,431532961,144903496,0.6021351270744082,-29.310344827586203
WNDW,2016-11-30,Q1,-1722529,-1148441,2038587,0,5.9995385048078225,58.57605927101473
CWAY,2016-12-31,FY,3489000,68572000,644191000,21225000,0.050880825993116725,32.915366874328505
AIRT,2016-12-31,Q3,-5244274,25357249,62028049,104785413,-0.8272622948964219,9.538592140615089
ASPN,2016-12-31,FY,-12023000,115564000,134669000,115490000,-0.10403758956076287,14.823532104492188
ELECU,2016-11-30,FY,60163,5000001,201121196,0,0.01203259759348048,5.059526118471706
ATOS,2016-12-31,FY,-6368885,3097106,4144372,0,-2.056398780022382,-81.69014250042646
EVBG,2016-12-31,FY,-11286000,42352000,108322000,76846000,-0.26648092179826216,64.65374276766126
XSNX,2016-12-31,Q1,-35511,-848032,145873,393702,0.16749839628693255,-45.45454446934474
AYI,2016-11-30,Q1,81700000,1730100000,2963400000,851200000,0.18889081555979423,-32.202380786198155
MBI,2016-12-31,FY,-338000000,3239000000,11137000000,294000000,-0.10435319543068848,-33.33332899055394
CACC,2016-12-31,FY,332800000,1173700000,4218000000,874300000,0.2835477549629377,49.523905177987
INCT,2016-12-31,FY,-26588447,-1958664,11625,39503,13.574787201888634,-99.96489996697335
AFAN,2015-12-31,FY,-611070,224964,582802,270516,-2.716301274870646,87.49999720603232
BANC,2016-12-31,FY,115416000,980239000,11029853000,384972000,0.11774271376674464,19.710142716117527
IVAC,2016-12-31,FY,-7441000,73266000,108324000,74342000,-0.10156143368001529,-23.888889948527016
FTV,2016-12-31,FY,872300000,2687900000,8189800000,6224300000,0.3245284422783586,34.65476242189441
GSIT,2016-12-31,Q3,1234000,86243000,102338000,37788000,0.05723363055552335,30.065362532597504
AMS,2016-12-31,FY,2250000,21495000,60598000,18700000,0.104675505931612,-23.529416714572438
GT,2016-12-31,FY,1284000000,4507000000,16511000000,15158000000,0.2848901708453517,3.590897146700669
APGI,2016-12-31,Q1,-1481724,68990,9498727,433853,-85.909494129584,-96.96969692693652
NATR,2016-12-31,FY,675000,132398000,205570000,341159000,0.0050982643242345055,-20.618556430743812
GMGI,2017-01-31,Q2,1425564,-1996341,36297,60000,-2.8563536990924896,-85.71428449786434
APGI,2016-09-30,FY,-7559134,1629851,9793150,1862585,-4.637929479443213,-96.47058824173925
ACM,2016-12-31,Q1,65778000,3378413000,13508996000,4358349000,0.07788035388213342,0.4054095294024493
OKE,2016-12-31,FY,743499000,188745000,16138751000,6858456000,3.93917189859334,-9.021275297124335
TWOU,2016-12-31,FY,-20684000,195237000,244320000,205864000,-0.10594303333896751,117.79203345188043
M,2017-01-28,FY,611000000,4323000000,19851000000,25778000000,0.14133703446680546,-7.18157454728577
ORLY,2016-12-31,FY,1037691000,1627136000,7204189000,8593096000,0.6377407911815607,-14.343712337982007
QLYS,2016-12-31,FY,19224000,258413000,407004000,197925000,0.07439254217086602,82.33486901759062
DAN,2016-12-31,FY,653000000,1157000000,4860000000,5826000000,0.564390665514261,66.89258504805763
ITT,2016-12-31,FY,186100000.0,1426400000.0,3601700000.0,2405400000.0,0.13046831183398766,36.28702538264112
EMMS,2016-11-30,Q3,21174000,-29953000,302067000,171075000,-2.8276299535939637,10.397561345709686
TRMK,2016-12-31,FY,108411000,1520208000,13352333000,412080000,0.07131326765810994,-10.7563027185541
AWR,2016-12-31,FY,59743000,494297000,1470493000,97385000,0.12086458141562664,28.8320330689693
TCBI,2016-12-31,FY,155119000,2009557000,21697134000,703408000,0.07719064450523175,13.537673130247887
JUVF,2016-12-31,FY,5156000,59090000,580354000,20469000,0.08725672702656964,9.58904109589041
WHLM,2016-12-31,FY,95000,25410000,49888000,82044000,0.003738685556867375,-26.05714525495257
VVV,2016-12-31,Q1,72000000,-286000000,1865000000,489000000,-1.006993006993007,16.612376607012244
SNDX,2016-12-31,FY,-44472000,84139000,109013000,1220000,-0.5285539405032149,19.672131467909935
NPK,2016-12-31,FY,44564000,350236000,417594000,341905000,0.12723991822656722,-5.059668784494332
BENH,2016-12-31,FY,-195624,-518123,227224,0,0.3775628566961899,0.0
LZB,2017-01-28,Q3,58755000,576185000,864600000,1107354000,0.40788982705207527,13.204232245488667
AEE,2016-12-31,FY,659000000,7103000000,24699000000,6076000000,0.09277769956356469,12.619321259187991
CSPI,2016-12-31,Q1,-43000,17858000,50702000,14638000,-0.009631537686191063,52.93229945446879
STZ,2016-11-30,Q3,1083100000,7018000000,18320100000,6268500000,0.617326873753206,41.82876900622315
EQIX,2016-12-31,FY,126800000,4365829000,12608371000,3611989000,0.029043739459332925,26.34366627966716
POST,2016-12-31,Q1,97600000,2984000000,9187800000,1249800000,0.13083109919571045,-3.31909868721611
UCC,2016-12-31,FY,89000000,1798000000,6146000000,108000000,0.04949944382647386,42.4075485319268
TCMD,2016-12-31,FY,2879000,59639000,73935000,84542000,0.04827378057982193,84.58598658793731
KOS,2016-12-31,FY,-283780000,1081199000,3341465000,385355000,-0.2624678713169361,-5.517242694723195
RILY,2016-12-31,FY,32726000,149347000,264618000,164235000,0.2191272673706201,-1.3623977918412256
BL,2016-12-31,FY,-39159000,291410000,420437000,123123000,-0.13437768093064753,17.60487613791232
SSNF,2016-12-31,FY,110000,21656000,173209000,6416000,0.005079423716291097,49.24623785059632
KMPR,2016-12-31,FY,16800000,1975200000,8210500000,2521900000,0.00850546780072904,56.76905649562213
NEPH,2016-12-31,FY,-3032000,667000,2678000,2093000,-4.545727136431784,7.142862999700589
GLPI,2016-12-31,FY,289305000,2433869000,7369330000,828255000,0.1188662988846154,20.168882428778897
TCBK,2016-12-31,FY,44811000,477347000,4517968000,173708000,0.09387510553119638,12.377566499324983
VIRT,2016-12-31,FY,158340000,145673000,3692390000,26419000,1.086955029415197,14.018692255165943
AKVA,2016-09-30,FY,-4022258,-18966520,567844,351312,0.21207148174783777,93.93939009095352
STXS,2016-12-31,FY,-5286720,-21489927,20965803,32164116,0.24600921166460918,14.285717934978315
RMBL,2016-12-31,FY,-224578,1093441,1397762,0,-0.20538648175804639,22.235295912798712
XRX,2016-12-31,FY,-466000000,4803000000,18145000000,4319000000,-0.0970226941494899,5.769231434684
STWD,2016-12-31,FY,367651000,4522274000,77256266000,784667000,0.08129781609871493,-3.7854895555258916
ITCI,2016-12-31,FY,-116426268,375502539,388903495,330702,-0.3100545426671536,-7.946599086946242
SCIA,2016-12-31,FY,-706054,2272130,3625473,5465599,-0.31074542389740023,107.3170807941694
CRUS,2016-12-24,Q3,226151000,1104035000,1473405000,1211076000,0.8193617050184098,-11.7438880963831
PVH,2017-01-29,FY,548700000,4804500000,11067900000,7791400000,0.11420543240711832,66.71001124070757
TYG,2016-12-31,FY,-32024,-26375,10028,34970,1.2141800947867298,-7.594532703514316
INLX,2016-12-31,FY,-1576311,-1961757,1129131,2601733,0.8035200078297159,-80.0
NAII,2016-12-31,Q2,4956000,59956000,72794000,64626000,0.3306424711455067,-10.04366495796545
CSGP,2016-12-31,FY,85071000,1654213000,2185063000,837630000,0.05142687187200198,59.52189127016305
COKE,2017-01-01,FY,56663000,277131000,2449484000,3156428000,0.20446287134965052,19.788535427096228
SFST,2016-12-31,FY,13036000,109872000,1340908000,51191000,0.11864715305082278,15.384615384615385
FIS,2016-12-31,FY,590000000,9741000000,26031000000,9241000000,0.06056873010984499,22.226542263999438
SHLM,2016-11-30,Q1,3184000,141017000,1741026000,600000000,0.09031535204975287,15.615618264495993
TALN,2016-12-31,FY,994878,7462194,21155033,48259855,0.1333224518151096,-38.46153757981291
EQT,2016-12-31,FY,-131063000,5860281000,15472922000,1608348000,-0.022364627225213263,-11.159669567705414
TPB,2016-12-31,FY,26913000,34058000,285020000,206228000,0.790210816841858,69.58265727187762
AOSL,2016-06-30,FY,-3032000,242142000,318505000,335661000,-0.012521578247474623,22.684851243240757
ALE,2016-12-31,FY,155800000,1893000000,4906400000,1339700000,0.08230322239830956,16.80804396573436
CARA,2016-12-31,FY,-57280000,50725000,63828000,86000,-1.1292262198127156,25.409830779486075
ALGN,2016-12-31,FY,189682000,995389000,1396151000,1079874000,0.19056067527368697,129.15635781703318
WD,2016-12-31,FY,114311000,610216000,3052432000,575276000,0.18732874916423037,50.60240526694293
NUS,2016-12-31,FY,143086000,664070000,1474045000,2207797000,0.2154682488291897,39.90158440950372
BWA,2016-12-31,FY,160200000,3218300000,8834700000,9071000000,0.049777833017431564,27.5018666369043
ATSG,2016-12-31,FY,23488000,331902000,1259330000,768870000,0.07076787726497581,40.58323618910332
NRG,2016-12-31,FY,-15000000,2370000000,8383000000,1021000000,-0.006329113924050633,131.54470813495809
FNB,2016-12-31,FY,170891000,2571617000,21844817000,678963000,0.06645274160187928,-13.625001907348633
CRM,2017-01-31,FY,179632000,7500127000,17584923000,8391984000,0.023950527771063077,41.88369851062834
HSTM,2016-12-31,FY,3755000,286108000,396000000,225974000,0.01312441455674081,-9.389670065244607
JBL,2016-11-30,Q1,86701000,2373945000,10543846000,5104898000,0.14608763050534027,34.846340293908455
PBYA,2017-01-31,Q1,-1564401,-937182,2553918,1088180,6.67704245279999,-81.11111041204427
PMD,2016-12-31,FY,6678000,15607000,25032000,38980000,0.4278849234317934,-14.333335558573404
JANL,2016-12-31,Q1,38773,10683464,35861544,16053171,0.014517014331681184,-19.935947291816863
GRWC,2016-12-31,Q2,-816434,-901815,1643699,59167,3.621292615447736,-84.0909090909091
CELH,2016-12-31,FY,-3067615,10894637,17717122,22760987,-0.2815711069584053,90.90902470362413
VVC,2016-12-31,FY,211600000,1768100000,5800700000,2448300000,0.1196764888863752,33.33333333333333
AFG,2016-12-31,FY,668000000,4916000000,55072000000,6498000000,0.13588283157038242,23.537446120549298
KAR,2016-12-31,FY,222400000,1397300000,6557600000,3150100000,0.1591641021970944,16.624337723070507
CSBK,2016-12-31,Q3,3476000,303098000,1371265000,29700000,0.0458729519825271,1.6042808020656032
SGA,2016-12-31,FY,18186000,134982000,221020000,142591000,0.13472907498777614,-20.374013050319835
WHR,2016-12-31,Q4,928000000,4773000000,19153000000,20718000000,0.7777079404986382,-7.811727905909831
CWGL,2016-12-31,FY,3278000,207565000,241497000,64621000,0.015792643268373763,12.434144716915489
LGL,2016-12-31,FY,148000,13891000,16646000,20891000,0.010654380534158807,11.95218938072246
VRNS,2016-12-31,FY,-17710000,82739000,181838000,164456000,-0.21404658021005812,78.16513405074143
FMCC,2016-12-31,FY,1373000000,12803000000,146089000000,10423000000,0.10724049051003672,-34.883719497514655
NVTA,2016-12-31,FY,-100256000,99074000,130651000,25048000,-1.011930476209702,3.7714276994977682
OXY,2016-12-31,FY,-574000000,21497000000,43109000000,10090000000,-0.026701400195376097,1.9233528208228112
TKR,2016-12-31,FY,152900000.0,1274900000.0,2758300000.0,2669800000.0,0.11993097497842968,20.024421514445034
WGO,2017-02-25,Q2,27016000,402615000,894721000,615818000,0.26840530034896865,23.59050618088479
RVSB,2016-12-31,Q3,5370000,109400000,985669000,25744000,0.1963436928702011,20.58414474680312
INDB,2016-12-31,FY,76648000,864690000,7709375000,246637000,0.08864217233921984,-0.7107320694312875
IMO,2016-12-31,FY,2165000000,25021000000,41654000000,27354000000,0.08652731705367492,-10.962027916223452
CALM,2017-02-25,Q3,-49816000,866416000,1085275000,799929000,-0.2299865191778545,14.717483314333366
RMD,2016-12-31,Q2,152849000,1710150000,3322570000,995846000,0.35751015992749174,36.707024049095125
MKL,2016-12-31,FY,460443000,8460927000,25875299000,5612026000,0.05441992349065297,24.812914439298382
EFR,2016-12-31,Q4,-39864000,134121000,196457000,54552000,-1.1888965933746394,-1.7687090629617739
LSBK,2016-12-31,FY,3515000,76030000,489174000,17518000,0.04623175062475339,6.389570258520269
ABMC,2016-12-31,FY,-345000,1025000,3371000,5609000,-0.33658536585365856,-25.925927765575384
CMTL,2017-01-31,Q2,4096000,466459000,883508000,274814000,0.03512420169832718,102.14353643427113
PRO,2016-12-31,Q4,-75225000,-3394000,227654000,34739000,88.65645256334709,22.680897115612844
WYNN,2016-12-31,FY,302469000,157949000,11953557000,4466297000,1.9149788855896523,92.76240350181013
ONTX,2016-12-31,FY,-19667000,4297000,23233000,5546000,-4.576914126134512,-32.432432432432435
WMT,2017-01-31,FY,14293000000,77798000000,198825000000,481317000000,0.1837193758194298,61.41743145655554
PRKA,2017-01-01,Q1,5227,5531381,8958136,947264,0.0037798878797175605,118.18181448731539
FRBK,2016-12-31,FY,4945000,215053000,1923931000,54227000,0.022994331629877286,3.0487805587205785
SNPS,2017-01-31,Q1,86588000,3324685000,5264254000,652786000,0.10417588433189912,45.20591601381904
FMCB,2016-12-31,FY,29723000,279981000,2922121000,99266000,0.10616077519545969,5.625
APTY,2016-10-31,Q3,-784788,-609634,112529,38,5.149240363890465,91.48935622127948
CUTR,2016-12-31,FY,2577000,61010000,91854000,99028000,0.042238977216849695,159.8853667126252
PIRS,2016-12-31,FY,-22799164,25226527,35062831,5830674,-0.9037773610295227,417.12328722383455
FUSB,2016-12-31,FY,1224000,76241000,606892000,30155000,0.016054353956532576,16.68185851559423
HNI,2016-12-31,FY,85638000,500603000,1330234000,2203489000,0.17106968995391558,-29.885473783542515
MTST,2016-11-30,Q3,-3486030,-3690431,2372874,0,3.778452977443556,-65.00000059604645
BSRR,2016-12-31,FY,17567000,205878000,2032873000,68505000,0.08532723263291853,0.3400081409994003
ITW,2016-12-31,FY,2035000000,4259000000,15201000000,13599000000,0.4778116928856539,36.181856574477735
FNF,2016-12-31,FY,133000000,875700000,3762000000,1026000000,0.1518784972022382,59.98646142050755
IPAR,2016-12-31,FY,43248000,370391000,682409000,521072000,0.11676309629553634,31.07088616276455
REGI,2016-12-31,FY,44713000,607343000,1136603000,2039067000,0.07362067233836564,18.592969014402016
RSPI,2016-12-31,FY,-9229760,-5493377,233847,0,1.6801614016296351,-59.28571564810616
BCRX,2016-12-31,FY,-55144000,1578000,89847000,2269000,-34.945500633713564,-22.798746158218314
CIVB,2016-12-31,FY,17217000,137616000,1377263000,53567000,0.12510899895361005,13.812726781335849
CNSL,2016-12-31,FY,15196000,176255000,2092758000,743177000,0.08621599387251426,-55.6404665813496
BHLB,2016-12-31,FY,58670000,1093298000,9162542000,280439000,0.05366331960727999,-0.13643396910230654
LEDS,2016-11-30,Q1,-696000,10983000,21097000,2702000,-0.2534826550122917,15.704395315410716
KALU,2016-12-31,FY,91700000,804700000,1443500000,1330600000,0.11395551137069715,35.71699976907346
PLAB,2016-10-30,FY,55676000,710363000,988267000,483456000,0.07837682987430371,-1.5463878503069506
ANF,2017-01-28,FY,7718000,1243435000,2295757000,3326740000,0.006206999159586147,97.07185609892895
LNC,2016-12-31,FY,1192000000,14478000000,261627000000,13330000000,0.08233181378643459,14.885665131285784
BGSF,2016-12-25,FY,6882407,40488454,81214134,253852214,0.16998443556279033,2.7062759829046166
CHEF,2016-12-30,FY,3023000,193760000,633538000,1192866000,0.01560177539223782,29.746833876756668
BK,2016-12-31,FY,3548000000,38811000000,333469000000,3575000000,0.09141738167014506,12.301921681622941
WTFC,2016-12-31,FY,206875000,2695617000,25668553000,812457000,0.07674495301075783,13.880824915473314
EGAN,2016-12-31,Q2,-3460000,-7163000,40451000,29744000,1.9321513332402624,156.0975669325286
MAS,2016-12-31,FY,534000000,-298000000,5137000000,7357000000,-1.7919463087248322,36.33260704557906
EXPD,2016-12-31,FY,432533000,1844638000,2790871000,6098037000,0.23448123696898795,21.826750094792715
BLUE,2016-12-31,FY,-263507000,869440000,1118122000,6155000,-0.3030766930437983,187.9547359118716
SUNW,2016-12-31,FY,-9380000,21197000,41680000,86421000,-0.4425154502995707,-46.999140588793985
SNGX,2016-12-31,FY,-3245383,7397248,10267105,10448794,-0.4387284298160613,-6.3291140598799105
POOL,2016-12-31,FY,148603000,205210000,994095000,2570803000,0.724150869840651,23.90098877362003
WINH,2016-12-31,Q3,12576180,29207387,39611043,45470149,1.7223286697984999,-15.803106520050356
VTR,2016-12-31,FY,651490000,10460240000,23166600000,3443522000,0.06228250977033032,-3.4122045873744637
TGEN,2016-12-31,FY,-1161245,14511073,23741361,10722285,-0.080024750754131,-31.472081003255685
NTRR,2016-04-30,Q1,-183338,-428546,9349,0,1.7112562012012713,-77.52808919158821
CYBF,2016-12-31,Q3,-1281006,-578030,6693,0,8.86463332352992,-99.51869677897075
SKAS,2016-12-31,FY,880430,4833877,6966803,14690654,0.18213744371236587,-16.326526419590763
IMPV,2016-12-31,FY,-70279000,231963000,408819000,86798000,-0.30297504343365106,6.008010558511394
CHTR,2016-12-31,FY,3745000000,40139000000,149067000000,29003000000,0.09330077979022895,17.563076729867895
CVG,2016-12-31,FY,143000000,1315900000,2371800000,2913600000,0.10867087164678167,56.56229081557238
HY,2016-12-31,FY,42300000,463800000,1287100000,2569700000,0.09120310478654592,30.553425233048575
KDUS,2016-12-31,FY,-666115,40913316,41066198,0,-0.016281129596046433,45.00000476837158
CAG,2016-11-27,Q2,315900000,4446700000,11425000000,3984000000,0.2841657858636742,-5.841743950752116
MKSI,2016-12-31,FY,104809000,1241792000,2212242000,1134013000,0.08440141344122043,57.89474086764
X,2016-12-31,FY,-440000000,2274000000,9160000000,9045000000,-0.19349164467897978,1.3828854937972428
