Symbol,EndDate,Quarter,NetIncome,StockholdersEquity,TotalAssets,NetSales,ROE,Percent_Growth
HUN,2018-09-30,Q3,965000000,2958000000,10896000000,7143000000,1.3049357674104125,-15.67905858270027
RBA,2018-09-30,Q3,86046000,815512000,2169466000,814054000,0.42204651801567605,9.455355700235863
OZSC,2018-09-30,Q3,-1462467,-1939646,1033291,174886,3.0159462087411826,-99.08333333333333
HII,2018-09-30,Q3,624000000,1825000000,6199000000,5977000000,1.3676712328767124,-17.091461907926035
DGL,2018-09-30,Q3,-16223342,112365235,112442980,2057948,-0.577521757508005,22.611723319397147
MSVB,2018-09-30,Q3,893000,47672000,199435000,5314000,0.07492867930860883,1.1494223474170444
TUP,2018-09-29,Q3,138600000,-234600000,1364600000,1563800000,-2.363171355498721,-51.92190111112662
FULT,2018-09-30,Q3,150310000,2283014000,20364810000,557905000,0.2633536193820975,-0.7290336485982261
APA,2018-09-30,Q3,636000000,7612000000,21870000000,5659000000,0.33420914345769837,-46.856905627419884
NWPX,2018-09-30,Q3,20164000,218636000,257224000,114605000,0.3689053952688487,42.1938790653408
CSL,2018-09-30,Q3,523000000.0,2705700000.0,5432400000.0,3402200000.0,0.7731825405625161,18.13150288361625
WSCO,2018-09-30,FY,-19274,-118097,7890,56000,0.1632048231538481,20.0
STKS,2018-09-30,Q3,222000,9651000,53767000,59788000,0.09201119055020206,-26.96629363980926
IEHC,2018-09-28,Q2,3205589,20283401,23038466,15641182,0.6321600603370214,45.98540349229971
DCOM,2018-09-30,Q3,38848000,603577000,6294193000,163660000,0.25745182470505007,-8.873194401987345
TRT,2018-09-30,Q1,6000,21782000,37039000,10045000,0.0011018271967679735,-23.12634142356821
ATEN,2018-06-30,Q2,-24202000,98475000,228706000,109896000,-0.9830718456461031,5.7364398967074575
IGEN,2018-09-30,Q3,-810097,-880930,904879,1073364,3.678371720795069,-6.610404825377664
CBNT,2018-09-30,Q3,-7586901,-255295,238371,230586,118.87269237548718,-98.18548381282065
GFMH,2018-10-31,Q2,-23184,-52941,625,0,1.7516858389527965,74.07406704763508
CRMT,2018-10-31,Q2,22164000,244210000,487396000,290512000,0.36303181687891567,23.2843717713223
FR,2018-09-30,Q3,115398000,1628878000,3125327000,298872000,0.2833803391045861,26.606970172776386
BUDZ,2018-09-30,Q3,-22150783,2782576,3168588,0,-31.842124707465313,-86.0139852925742
ULH,2018-09-29,Q3,43158000,204721000,768960000,1075330000,0.8432549665154039,-36.181867137149496
PAG,2018-09-30,Q3,373100000,2583300000,10526900000,17345800000,0.5777106801378082,-3.140046023918799
MCOA,2018-09-30,Q3,-1350480,-1719823,2694929,137721,3.140974390969303,-89.93690440077081
JSDA,2018-09-30,Q3,-1257000,144000,4795000,10218000,-34.916666666666664,13.414636007878572
DENN,2018-09-26,Q3,32190000,-109980000,328758000,470630000,-1.17075831969449,64.27546849252204
DBX,2018-09-30,Q3,-475400000,643400000,1623100000,1015800000,-2.9555486478085173,-24.599538613663032
ROAD,2018-09-30,FY,50791000,299469000,496310000,680096000,0.16960353158423744,29.12785315967794
IIIV,2018-09-30,FY,-4961000,39301000,175142000,323508000,-0.1262308847103127,-17.080358835100284
ACNB,2018-09-30,Q3,16459000,164512000,1647799000,47401000,0.4001896518187123,-6.7574918002200475
BIIB,2018-09-30,Q3,3483900000,13766600000,25492200000,9926600000,1.0122760885040605,-34.700475716210065
JEF,2018-09-30,Q3,1070394000,10621185000,48948669000,3863914000,0.4031166013961719,-13.46861149682939
GMED,2018-09-30,Q3,119724000,1141117000,1238506000,517031000,0.4196730046086422,-10.235380690177209
CRK,2018-09-30,Q3,13823000,521111000,2094376000,70123000,0.10610407379617778,-12.195125561473082
FMCB,2018-09-30,Q3,32491000,300091000,3183462000,96654000,0.4330819651372417,7.593625334990349
AIG,2018-09-30,Q3,621000000,58586000000,504860000000,34829000000,0.04239920800191172,5.802558233062184
ASTE,2018-09-30,Q3,-13649000,645532000,903464000,854595000,-0.08457520308830546,-37.335459795038
PANW,2018-10-31,Q1,-38300000,1253000000,5801500000,656000000,-0.12226656025538707,24.005689784453555
SHO,2018-09-30,Q3,181303000,2711455000,3918613000,878201000,0.2674623034496239,-15.313077754909827
BDL,2018-09-29,FY,5390000,35193000,67265000,113497000,0.15315545705111813,-25.176055332990504
PK,2018-09-30,Q3,422000000,5774000000,9355000000,2051000000,0.2923449948042951,-23.774510949724064
DRI,2018-08-26,Q1,166200000,2275200000,5496900000,2061400000,0.2921940928270042,5.839481635287197
CAG,2018-08-26,Q1,178200000,3736500000,10485000000,1834400000,0.19076676033721396,-23.4374982027108
ANDR,2018-09-30,Q3,-793569,-287061,1586693,970544,11.057844848307502,-33.33333333333333
P,2018-09-30,Q3,-287353000,52609000,1172803000,1121655000,-21.848200878176737,-8.415295477499017
PRPO,2018-09-30,Q3,-9119000,9180000,24650000,2498000,-3.973420479302832,-53.39966710281584
CPHI,2018-09-30,Q3,-3158048,37633123,52534740,9087867,-0.3356668539042056,19.047619047619047
FLT,2018-09-30,Q3,509483000,3562248000,11450890000,1790000000,0.5720915556693413,27.41108146974464
ALK,2018-09-30,Q3,414000000,3791000000,10893000000,6200000000,0.4368240569770509,-5.2833555463253195
AURX,2018-09-30,Q3,-1910288,-581819,759839,558532,13.133211531421283,100.0
WHG,2018-09-30,Q3,21338000,164672000,192627000,96181000,0.5183151962689467,-45.19719050010814
CENT,2018-09-29,FY,124120000,952449000,1907209000,2215362000,0.13031668887258005,-17.759867804221898
MDRX,2018-09-30,Q3,21911000,1087475000,4518080000,1561782000,0.08059403664452057,-21.5339232001033
PCYO,2018-08-31,FY,414680,69453219,71906615,6959199,0.0059706375884464044,-3.5555521647135415
KBR,2018-09-30,Q3,261000000,1643000000,4863000000,3583000000,0.63542300669507,13.785050539837606
AFG,2018-09-30,Q3,552000000,5164000000,64190000000,5460000000,0.4275755228505035,-2.727520736672542
QPRC,2018-09-30,Q3,-1272008,-3700717,2195676,7069003,1.3748773548477227,899.9999787126269
HALL,2018-09-30,Q3,15422000,267052000,1270791000,3548000,0.23099621047586238,75.56974609068283
MTB,2018-09-30,Q3,1371861000,15436085000,116827637000,3378430000,0.3554945441152987,-3.946809098088746
CATC,2018-09-30,Q3,18575000,160776000,1988944000,50670000,0.4621336517888242,-15.749969852480989
CFFI,2018-09-30,Q3,14063000,149659000,1499604000,69086000,0.3758678061459718,-10.16949152542373
TLSS,2018-06-30,Q2,-14449989,-7809126,8214906,2936591,7.401590907868563,152.63157894736844
INTU,2018-10-31,Q1,34000000,2782000000,4928000000,1016000000,0.04888569374550683,23.360193623185722
EIG,2018-09-30,Q3,115700000,991200000,3898500000,621000000,0.466908797417272,-0.09080798233860085
FNEC,2018-09-30,Q3,-27149,-737192,211,0,0.14731033434980303,154.54544469344737
WH,2018-09-30,Q3,118000000,1443000000,4991000000,1341000000,0.3270963270963271,-5.8402208643130065
TGTX,2018-09-30,Q3,-119622000,71744000,114374000,114000,-6.669380017841213,2.5408323170615614
SLG,2018-09-30,Q3,329176000,6214658000,13455004000,910356000,0.21187070953864234,-15.575974772811257
IBP,2018-09-30,Q3,38272000,214351000,863106000,983311000,0.7141930758428932,46.26711514079101
AMBA,2018-10-31,Q3,-25904000,411139000,458648000,176698000,-0.2520218223034059,53.01898530365342
KGJI,2018-09-30,Q3,40046225,354305565,2453565541,1844491390,0.45210946658430273,-37.711345500432635
SCCO,2018-09-30,Q3,370700000,6586100000,14316700000,1723700000,0.22514082689300194,-21.046539573091287
LBAI,2018-09-30,Q3,47851000,607555000,5627057000,156687000,0.3150397906362387,-12.787435461173475
INBP,2018-09-30,Q1,159000,195000,19724000,10304000,3.2615384615384615,59.99999006589293
STRA,2018-09-30,Q3,-38126000,1408330000,1645696000,392082000,-0.10828712020620167,-0.6168732827979087
HBCP,2018-09-30,Q3,23501000,295688000,2140530000,76410000,0.3179161819214848,-7.893493361267033
SRPT,2018-09-30,Q3,-221023000,639848000,1182906000,216619000,-1.3817219089533763,-49.58321943433956
DIS,2018-09-29,FY,13066000000,48773000000,98598000000,50869000000,0.2678941217476883,11.80317369428824
LEN,2018-08-31,Q3,919286000,14032016000,28289395000,14112421000,0.26205386310847995,-1.2966870382975832
ROII,2017-12-31,FY,-10344459,-19064803,25790135,43433,0.5425945917196207,-63.90243902439025
SIG,2018-11-03,Q3,-549500000,1349000000,4907500000,4092400000,-1.6293550778354338,-73.43826804868077
ARGQ,2018-09-30,Q3,1629834,2661921,4897532,106865,2.449109496487687,-44.26229326737737
CNP,2018-09-30,Q3,248000000,5508000000,22228000000,7553000000,0.18010167029774873,8.932458252336813
JLL,2018-09-30,Q3,288500000,3532000000,9619100000,11428700000,0.32672706681766706,-2.4303132444110065
ASGN,2018-09-30,Q3,111825000,1129824000,2664590000,2470131000,0.39590237063471834,-20.538025259690006
CUBI,2017-12-31,FY,78837000,920964000,9839555000,372850000,0.08560269456786584,-31.369601585997987
HPQ,2018-10-31,FY,5327000000,-639000000,34622000000,58472000000,-8.336463223787167,-27.009108182541645
STCB,2018-09-30,Q3,-448571,-869416,73640,77061,2.0637807447758036,-49.1525431947782
LINC,2018-09-30,Q3,-11578000,34850000,122581000,193087000,-1.3288952654232424,-9.130436630465397
BDMS,2018-09-30,Q3,-2489764,-3820018,15345886,46143135,2.607070437887989,101.90476917085194
CRVW,2018-09-30,Q3,-12556647,-74389821,10188032,4603200,0.6751809229383682,-66.66666666666666
GEOS,2018-09-30,FY,-19212000,176587000,199080000,75748000,-0.10879623075311319,11.764701344975267
DOC,2018-09-30,Q3,47165000,2411977000,4152561000,317240000,0.07821799295764428,37.727798359162534
CME,2018-09-30,Q3,1576700000,23295700000,70364100000,3072800000,0.2707280742798027,22.74892360955434
PRLB,2018-09-30,Q3,57302000,531206000,595864000,332827000,0.43148609014205414,-35.46427271383045
SMID,2018-09-30,Q3,790000,18240000,34940000,28502000,0.17324561403508773,-5.185191769767489
TENB,2018-09-30,Q3,-53907000,132561000,454198000,192139000,-1.6266322674089664,-41.01765565068861
H,2018-09-30,Q3,725000000,3929000000,7724000000,3316000000,0.7381012980402138,-7.677685968786661
PRIM,2018-09-30,Q3,53212000,592480000,1621146000,2061808000,0.3592492573588982,-20.727718252625294
WSO,2018-09-30,Q3,247527000,1660550000,2230748000,3555327000,0.5962530486886874,-4.605607038779367
KDP,2018-09-30,Q3,323000000,22293000000,49058000000,4629000000,0.057955412012739425,16.88311495292771
THC,2018-09-30,Q3,364000000,-108000000,22265000000,13694000000,-13.481481481481481,-22.210337653075783
CVEO,2018-09-30,Q3,-68587000,563143000,1098636000,352172000,-0.4871728850398567,-70.8920179472854
YUM,2018-09-30,Q3,1208000000,-7458000000,4155000000,4130000000,-0.6478948779833735,24.961291917583637
ICE,2018-09-30,Q3,1401000000,16832000000,87242000000,4599000000,0.33293726235741444,22.79069970216466
KOSS,2018-09-30,Q1,67411,14414643,22619410,5784839,0.018706255853856386,-31.438128903755363
XTNT,2018-09-30,Q3,-13408000,12655000,99270000,53941000,-4.238008692216515,-28.96725660150713
UHS,2018-09-30,Q3,634261000,5363745000,11273585000,8017782000,0.47299862316348,14.095888604794881
NKE,2018-08-31,Q1,1092000000,8992000000,22483000000,9948000000,0.48576512455516013,2.7980573444619785
MPC,2018-09-30,Q3,2411000000,15166000000,53031000000,63599000000,0.6358960833443228,-24.275145046886575
SPWH,2018-11-03,Q3,13121000,67490000,480119000,606447000,0.7776559490294859,30.39399453560712
LMFA,2018-09-30,Q3,-140482,927447,2091390,2623229,-0.6058869132144479,-82.84112092490508
DGX,2018-09-30,Q3,649000000,5317000000,10986000000,5692000000,0.4882452510814369,-2.666543147155594
NOV,2018-09-30,Q3,-37000000,13906000000,19893000000,6055000000,-0.010642887962030778,-49.88630935668573
ZYXI,2018-09-30,Q3,6930000,9242000,13297000,22580000,2.999350789872322,239.64283131823686
NMIH,2018-09-30,Q3,72407000,660493000,1052481000,198766000,0.43850275476045925,18.774791223506536
ADP,2018-09-30,Q1,505400000,4678800000,37416700000,2218600000,0.4320766008378217,6.428278379661211
SVTE,2018-08-31,FY,-354767,185159,565212,3329876,-1.9160127241992018,0.0
JBGS,2018-09-30,Q3,45619000,3066022000,6011194000,480927000,0.05951555468290834,8.14430043675625
SBFG,2018-09-30,Q3,8679000,127109000,979180000,28840000,0.27311992069798363,-19.052318929659986
CTRE,2018-09-30,Q3,42384000,720050000,1240357000,2515000,0.23545031595028124,35.1724193873881
ENB,2018-09-30,Q3,2050000000,60787000000,163223000000,34816000000,0.13489726421767811,8.649785730824938
STXS,2018-09-30,Q3,686730,1773478,19621088,22078512,1.5488886808858073,134.81481631923927
DBV,2018-09-30,Q3,340335,24035408,24054971,348520,0.05663893868579223,0.2203745196174885
NSIT,2018-09-30,Q3,116636000,943007000,2510517000,5331090000,0.4947407601428197,2.2388074572778804
ANET,2018-09-30,Q3,157793000,1945876000,2798238000,1555643000,0.324363936859286,-6.493612277741445
FBMS,2018-09-30,Q3,14364000,288798000,2508942000,69422000,0.19894874618245278,-16.57671752308794
WCN,2018-09-30,Q3,414611000,6499564000,12192066000,3661209000,0.25516234627430395,14.003026371512107
MFIN,2018-09-30,Q3,-32604000,252920000,1571407000,69829000,-0.5156413095049818,-6.08828135336688
REAC,2018-09-30,Q3,-549468,-1199090,13255,0,1.8329499870735309,-85.75000017881393
TROW,2018-09-30,Q3,1496700000,6460500000,8530600000,4067600000,0.9266775017413513,2.8854889416836755
CCNE,2018-09-30,Q3,24774000,254376000,3129313000,95526000,0.38956505330691577,2.0560150651473506
UBFO,2018-09-30,Q3,10068000,107046000,904028000,26793000,0.376212095734544,-4.615386607046919
GGG,2018-09-28,Q3,267331000,796562000,1485501000,1246854000,1.3424240674297794,-1.3379346781252468
ARE,2018-09-30,Q3,421424000,6872783000,14105566000,986996000,0.24527123873982346,24.11640714397303
TCNT,2017-05-31,Q1,-5540,-22126,4712,0,1.0015366537105668,-64.70588194045229
RPM,2018-08-31,Q1,70186000,1610447000,5223392000,1459989000,0.17432675524248858,0.25184913917824076
CAPR,2018-09-30,Q3,-11931216,6980422,12232816,1023274,-6.836959713896953,-71.2149534709423
MG,2018-09-30,Q3,7910000,278096000,548148000,561592000,0.11377366089407974,-23.272217472532656
RWT,2018-09-30,Q3,120513000,1361327000,9139635000,258992000,0.35410448775349346,2.296703400787092
ESRX,2018-09-30,Q3,2579100000,20565900000,55441600000,75974400000,0.5016264787828395,-2.8718659769124533
SGMA,2018-10-31,Q2,-1250548,57675703,169529975,148415148,-0.08672962339097974,-1.411763359518612
GPK,2018-09-30,Q3,173600000,1788600000,7306600000,4515300000,0.38823660963882367,4.412810513468426
SACH,2018-09-30,Q3,6134615,55794781,85032830,8810066,0.4397984822272176,12.08531408146526
BCTF,2018-09-30,Q3,892430,46163009,373266668,12932984,0.0773285814189452,-9.939019504152146
SAIC,2018-11-02,Q3,146000000,411000000,2202000000,3467000000,1.4209245742092458,20.046121608965546
HCGS,2018-09-30,Q3,63678,7974140,8356561,4918468,0.03194225333390184,-41.071426789561336
ACN,2018-08-31,FY,4059907000,10364753000,24449083000,39573450000,0.39170320797803865,17.211799600222815
PBYA,2018-07-31,Q3,-9532166,-9892940,6767321,10456581,3.8541287018823525,-99.56331879241584
WHR,2018-09-30,Q3,-329000000,2360000000,19093000000,15377000000,-0.5576271186440678,31.124044862050717
ALOT,2018-10-27,Q3,1417000,67408000,116056000,34196000,0.08408497507714217,-15.675673613677155
CBKM,2018-09-30,Q1,1673000,43970000,510789000,4895000,0.15219467818967478,-22.49999841054281
RNR,2018-09-30,Q3,392903000,4886521000,17096394000,1526944000,0.32162186553582806,44.55939970494065
STWC,2018-01-31,FY,389280,-839148,168260,263500,-0.46389909765619414,934.4827883875761
MHLD,2018-09-30,Q3,-275209000,772554000,6536501000,1649694000,-1.4249308138977987,-72.43816281209246
AMKR,2018-09-30,Q3,100671000,1796944000,4495469000,3235195000,0.22409379479827973,21.917799808089377
RSYS,2018-09-30,Q3,-12952000,-7550000,57835000,77626000,6.861986754966887,5.521474456557392
POOL,2018-09-30,Q3,217649000,372738000,1283758000,2455015000,2.335678143897322,19.473056450575413
BCOW,2018-09-30,Q3,-78000,37749000,482844000,12249000,-0.008265119605817373,1.1458211179828652
NSTG,2018-09-30,Q3,-56290000,52085000,151362000,59882000,-4.322933666122684,20.374563417985907
OMC,2018-09-30,Q3,1010800000,2381700000,22487600000,11203500000,1.6976109501616492,14.247938729956871
SEE,2018-09-30,Q3,-7200000,-445700000,4997000000,3472400000,0.0646174556876823,3.2958794506111944
BRKL,2018-09-30,Q3,64391000,890368000,7320596000,230349000,0.289278141173088,-10.26569966237855
RCKY,2018-09-30,Q3,10945272,150060130,194218276,185508077,0.29175696435822096,16.37342694248731
STWC,2017-07-31,Q2,-1268921,-4670375,804175,153500,1.0867829671064957,56.0693767085194
NDSN,2018-10-31,FY,377375000,1450741000,3421012000,2254668000,0.2601256874934947,28.662268025541028
AOSL,2018-09-30,Q1,-913000,280422000,684997000,115072000,-0.01302322927587707,7.2183157859212645
PEGA,2018-09-30,Q3,-5796000,620855000,962643000,635224000,-0.03734205249212779,9.438863970035758
BLUE,2018-09-30,Q3,-406602000,2000790000,2351789000,35336000,-0.8128829112500562,-34.07912561681972
EFSI,2018-09-30,Q3,6920000,84830000,786074000,23600000,0.32629965813980905,-20.509382774810845
EWLU,2018-09-30,Q3,-1946651,-6219774,1335108,250306,1.2519110822997748,-3.2258097595362787
ENZN,2018-09-30,Q3,-1033000,8111000,8734000,-205000,-0.5094316360498089,25.00000776102163
MOTS,2018-09-30,Q3,-16690000,9442000,13906000,38000,-7.070535903410295,-60.08146639511202
CPSI,2018-09-30,Q3,10044000,151192000,326892000,208085000,0.2657283454151013,-15.237915095036817
CVS,2018-09-30,Q3,-175000000,36618000000,131506000000,139670000000,-0.019116281610137092,-21.91194738232115
NAHD,2018-09-30,Q3,-123348,-690815,54018,76,0.7142172651143939,-30.769225478877487
NBTB,2018-09-30,Q3,83914000,994155000,9547284000,253731000,0.337629444100769,-1.4144717820326644
HNI,2018-09-29,Q3,60964000,552574000,1395746000,1659803000,0.44130921831284137,-15.421339648118987
HASI,2018-09-30,Q3,32699000,646614000,2295114000,98617000,0.20227832988459885,34.597591359305206
IOVA,2018-09-30,Q3,-91005000,254160000,270834000,0,-1.432247403210576,61.78057514623506
AIRT,2018-09-30,Q2,1855121,26704245,117713811,110208246,0.27787656981127906,-34.97645970895869
SFBS,2018-09-30,Q3,100703000,681008000,7517833000,236463000,0.5914937856824002,-11.998947435328036
AUMN,2018-09-30,Q3,-839000,8659000,14229000,5267000,-0.3875736228201871,25.0
SSB,2018-09-30,Q3,129867000,2368139000,14522215000,423340000,0.2193570563214406,-6.852891450437353
TWOU,2018-09-30,Q3,-43162000,692129000,811491000,296674000,-0.24944482892639955,-78.71566952149274
ICCH,2018-06-30,Q2,467288,62168419,152465973,25298762,0.030065940715011587,-13.320826422325641
CBDS,2018-09-30,Q3,-2944895,2154765,6289405,408680,-5.466758556037433,-83.04794548510341
BMMJ,2018-07-31,FY,-1781060,10786221,15510964,2692979,-0.1651236331983185,143.33333002196431
ARGC,2018-10-31,Q3,-30783,1104,3767,0,-111.53260869565217,-78.00000011920929
MAGE,2018-09-30,Q3,-1368646,-1699606,1958562,125247,3.2210900644031617,155.55555702727523
ED,2018-09-30,Q3,1051000000,15887000000,49544000000,9388000000,0.26461887077484736,24.87792917863427
BHB,2018-09-30,Q3,25317000,357685000,3560992000,94679000,0.28312062289444623,-13.865247310739957
FLR,2018-09-30,Q3,215128000,3043024000,9147976000,14365522000,0.28278186435598274,-68.33305020873117
GURE,2018-09-30,Q3,-31283007,331302358,336500369,2594941,-0.37769736610205473,-31.0679633674258
AIV,2018-09-30,Q3,706763000,2125682000,6185021000,740388000,1.329950575862241,18.175579661635215
CYAN,2018-09-30,Q2,-2411000,15927000,29104000,14099000,-0.6055126514723426,-31.858410876219196
WOW,2018-09-30,Q3,-147000000,-399300000,2250800000,868400000,1.4725770097670925,-46.56556868211823
AKAM,2018-09-30,Q3,204358000,3155530000,5363887000,2001111000,0.2590474500321657,25.52775401628486
TSE,2018-09-30,Q3,293300000,826200000,2910000000,3557800000,1.4199951585572501,-44.909949465128676
APVO,2018-09-30,Q3,-39561000,44000000,78934000,16721000,-3.5964545454545456,-87.55060756760192
GNE,2018-09-30,Q3,9031000,92540000,131463000,217544000,0.3903609250054031,32.29926961251673
AEY,2018-09-30,FY,-7319856,34527251,44394620,47413987,-0.2120022819077024,44.52554388847552
STLRU,2018-08-31,Q3,-761852,5000011,19551258,0,-0.6094802591434298,-0.47393544863415304
OSUR,2018-09-30,Q3,10098000,276754000,304307000,131497000,0.14594911003996328,-51.03264628544177
STWC,2017-10-31,Q3,374323,-3027131,508129,173500,-0.49462411768767195,540.0000095367432
AQMS,2018-09-30,Q3,-26722000,62852000,80347000,3378000,-1.7006300515496722,-33.85213650419538
CRVL,2018-09-30,Q2,24567000,190064000,309938000,298574000,0.5170258439262564,25.01667022705078
AMAT,2018-10-28,FY,3313000000,6839000000,17773000000,17253000000,0.484427547887118,79.0488422817013
PI,2018-09-30,Q3,-29244000,100463000,150100000,88015000,-1.1643689716612087,17.95965491639813
THFF,2018-09-30,Q3,35527000,427774000,2980935000,93655000,0.3322034532253012,-12.737450801197056
CPIX,2018-09-30,Q3,-4801660,58201864,87432076,27243859,-0.3300004274777179,-1.2259224377184703
XNCR,2018-09-30,Q3,-52210000,532273000,585586000,29039000,-0.39235505088554185,-11.27819162182889
OPRX,2018-09-30,Q3,336258,17204166,19760554,14627094,0.07818059881542645,-16.875717430555767
CLW,2018-09-30,Q3,44005000,628125000,1980095000,1295511000,0.28023084577114427,-27.51031644081398
UIS,2018-09-30,Q3,54700000,-1236000000,2328000000,2064100000,-0.17702265372168285,-62.8670981508877
WLK,2018-09-30,Q3,903000000,5602000000,11721000000,6640000000,0.6447697250981792,-21.750562488830276
OVLY,2018-09-30,Q3,8558000,95666000,1075805000,29468000,0.35782827754897245,-13.151105298238905
AAPL,2018-09-29,FY,59531000000,107147000000,365725000000,265595000000,0.5556011834209077,-3.7138024230495676
AMNL,2018-09-30,Q3,-6858463,-37219598,6051627,4820088,0.7370808249997757,-75.02628856263024
BAND,2018-09-30,Q3,19213000,108236000,149093000,151770000,0.7100410214715991,22.1160996650353
SEDG,2018-09-30,Q3,115897000,538963000,852178000,673567000,0.8601480992201691,116.56991695635885
SQ,2018-09-30,Q3,-10249000,1122144000,3973368000,2365649000,-0.036533635611828784,-37.5513972426891
WSBF,2018-09-30,Q3,25076000,404644000,1919403000,54372000,0.24788208894732158,1.5929117301598055
MHPC,2018-09-30,Q3,-825709,-965854,12602237,1511834,3.419601720342826,435.7142834334957
CHHE,2018-09-30,Q1,632214,34578467,42650518,2141825,0.07313383788818631,-20.634920034218744
EMMS,2018-08-31,Q2,24671000,71342000,244325000,60062000,1.3832525020324633,-2.5590454060525825
CRL,2018-09-29,Q3,168526000,1253106000,3796657000,1664566000,0.5379465105106831,-0.6963743267080903
GPS,2018-11-03,Q3,727000000,3440000000,8173000000,11957000000,0.8453488372093023,-38.97694382425459
KEQU,2018-10-31,Q2,2870000,48920000,80596000,79430000,0.2346688470973017,-42.6223870106485
KRNY,2018-09-30,Q1,11146000,1236081000,6656211000,58206000,0.03606883367675743,-4.392382390173161
ELRE,2018-09-30,Q2,-162705,-1318687,7021,0,0.49353637368079006,128.23529444763818
MPW,2018-09-30,Q3,939536000,4472490000,8774516000,603944000,0.8402800229849592,32.358934485816214
SXI,2018-09-30,Q1,15857000,460030000,1009607000,193080000,0.13787796448057735,-31.15062595273221
WESC,2018-09-30,Q1,-12132,-111773,13622,77,0.43416567507358667,247.22223336072543
LSBK,2018-09-30,Q3,3000000,78801000,546153000,15865000,0.1522823314424944,-10.348983958188901
LRDC,2018-08-31,Q1,-26758,-1582077,438331,2061297,0.0676528386418613,-60.0000014901161
WGO,2018-08-25,FY,102357000,534445000,1051805000,2016829000,0.1915201751349531,-16.775034161134197
TGEN,2018-09-30,Q3,-1277682,32098211,50761534,8922257,-0.15922158403158357,-25.961537579812916
WRLD,2018-09-30,Q2,-6965649,564990675,838949414,249905748,-0.04931514312160993,13.091398575367789
LXU,2018-09-30,Q3,-59181000,360521000,1147594000,283430000,-0.656616396825705,-45.3027222412675
MCS,2018-09-27,Q3,44741000,482931000,986686000,532088000,0.3705788197485769,-10.702174940911446
TXMD,2018-09-30,Q3,-93226179,134215281,236753021,11009937,-2.778407296260103,-35.714285714285715
GOGO,2018-09-30,Q3,-102343000,-261281000,1248462000,676540000,1.5667882471362249,16.448600563131325
STZ,2018-08-31,Q2,1893300000,11268300000,24097500000,4755700000,0.6720800830648811,-1.8491791071849328
COST,2018-09-02,FY,3179000000,12799000000,40830000000,141576000000,0.24837877959215562,25.600826216509404
DAL,2018-09-30,Q3,2884000000,13704000000,55003000000,33696000000,0.8417980151780502,2.9681984990581203
STQN,2018-09-30,Q3,-76288,173122,173122,0,-1.7626413742909623,-21.56862481563465
IPI,2018-09-30,Q3,4149000,409508000,525769000,140736000,0.04052668079744474,-8.831904868618995
OCN,2018-09-30,Q3,-68254000,559556000,8461037000,752116000,-0.48791541865336086,-51.90839692186614
RDN,2018-09-30,Q3,466232000,3347278000,6269484000,941533000,0.557147628610471,14.060189033583073
ENTG,2018-09-29,Q3,159971000,1083671000,2103456000,1148855000,0.59047810636254,58.31053788601713
STWC,2018-04-30,Q1,-228361,-1067509,169022,43813,0.855678031754299,1250.0000838190338
VISM,2018-09-30,Q1,-1059423,-5075307,5480,0,0.8349626928971982,-98.60432664514323
WTW,2018-09-29,Q3,179842000,-845212000,1381503000,1183735000,-0.851109544114376,35.94356045731371
ORRF,2018-09-30,Q3,11653000,145557000,1720755000,45825000,0.3202319366296365,-9.49470963377353
STIM,2018-09-30,Q3,-17954000,76348000,118979000,37141000,-0.9406402263320585,-72.55025210667974
PPG,2018-09-30,Q3,1097000000,4980000000,16718000000,11729000000,0.8811244979919679,7.717540975583713
MKSI,2018-09-30,Q3,321260000,1810293000,2564596000,1614567000,0.7098519410946184,13.107813463636795
DLTI,2018-06-30,Q2,-37291,237850,2076042,367353,-0.627134748791255,183.67346094728077
PAR,2018-09-30,Q3,-17959000,52045000,102796000,154594000,-1.3802670765683542,3.0117875977880417
KTOS,2018-09-30,Q3,-8200000,511900000,1011900000,453600000,-0.06407501465129908,23.371392986375653
AAL,2018-09-30,Q3,1094000000,-568000000,52635000000,33603000000,-7.704225352112676,-31.810149425185514
UEIC,2018-09-30,Q3,23031000,272209000,560969000,509938000,0.3384311319611034,29.90820799884217
KTEL,2018-09-30,Q3,-1255609,-111823,1765200,7591218,44.9141589833934,-49.33333697583926
GTII,2016-12-31,FY,-8074026,-3026440,288068,0,2.6678295290836758,-97.50000009313226
OFG,2018-09-30,Q3,59666000,969886000,6656674000,265313000,0.24607428089486805,40.66073514355343
SIGI,2018-09-30,Q3,133179000,1738520000,7986752000,1943076000,0.3064192531578584,21.98036111386166
RDFN,2018-09-30,Q3,-29756000,372748000,554917000,362791000,-0.3193149259016816,-7.951410742827485
DOCU,2018-10-31,Q3,-360214000,810169000,1719436000,501237000,-1.7784635057623779,59.20362143394239
SYEV,2018-08-31,Q2,-36831,3644752,3903104,1869578,-0.04042085716668788,-54.42073372952249
JUVF,2018-09-30,Q3,4281000,65382000,620689000,17512000,0.26190694686610994,-6.979990767686975
DYNR,2018-09-30,Q3,-35519,5041414,10947969,10146585,-0.028181775985864282,-56.521738229041276
HRI,2018-09-30,Q3,35800000,554300000,3770800000,1433000000,0.25834385711708463,-6.066733981222432
DRH,2018-09-30,Q3,63790000,1916213000,3178326000,640297000,0.1331584745537161,-10.918546213578256
AIRG,2018-09-30,Q3,-3858879,43692332,51338563,44063692,-0.3532774583878929,-12.646202173373524
ASB,2018-09-30,Q3,244578000,3797038000,33489002000,848201000,0.2576513587696515,-21.087379825925364
FMBH,2018-09-30,Q3,26661000,416833000,3355477000,88777000,0.2558434672878587,-13.869521205147981
QDEL,2018-09-30,Q3,41704000,388454000,793884000,389697000,0.4294356603355867,-5.682531320318177
GRC,2018-09-30,Q3,30491000,347739000,423811000,311324000,0.3507343151041442,-2.4478471472590897
FIVE,2018-11-03,Q3,60383000,525071000,849736000,956879000,0.45999874302713345,7.976773643695731
TCMD,2018-09-30,Q3,4268000,83418000,101735000,97303000,0.2046560694334556,-37.74844094380469
HES,2018-09-30,Q3,-149000000,9650000000,21467000000,4784000000,-0.06176165803108808,-19.385971282626173
MTRN,2018-09-28,Q3,41674000,536743000,788351000,909745000,0.310569490426517,1.9669398788578252
RMBL,2018-09-30,Q3,-15356446,13296040,24232028,41249761,-4.619855535934008,-74.19354803684607
CAMP,2018-11-30,Q3,7135000,201553000,608047000,279420000,0.14160047233233938,-40.73446311589791
GBLI,2018-09-30,Q3,16621000,702326000,1958046000,385677000,0.09466259258520972,-32.95819758210339
BBVA,2018-09-30,Q3,567603000,13312955000,90047656000,2378351000,0.17054155144368774,-18.6813199152203
CDXC,2018-09-30,Q3,-25098000,33402000,47022000,22490000,-3.005568528830609,1.2406876251771426
PULM,2018-09-30,Q3,-16225000,12634000,16285000,153000,-5.136932088016463,-80.24096431502376
SATS,2018-09-30,Q3,73015000,4244005000,8850446000,1560702000,0.06881707255293054,7.655490182796728
ITRI,2018-09-30,Q3,-121710000,692200000,2596742000,1789073000,-0.7033227390927478,17.322838941494144
LBC,2018-09-30,Q3,34457000,571399000,6692415000,163366000,0.24121148269422943,2.9411736347271384
TTGT,2018-09-30,Q3,10283000,130857000,172966000,89513000,0.3143278540697097,16.35059198684819
LGL,2018-09-30,Q3,1143000,27016000,30191000,18440000,0.16923304708320994,45.906422801181215
ATO,2018-09-30,FY,603064000,4769951000,11874437000,3115546000,0.1264298102852629,22.964962859038074
ANDE,2018-09-30,Q3,17557000,811737000,2151618000,2232720000,0.08651570644186479,-38.96068807526026
VSEC,2018-09-30,Q3,25837000,320507000,637067000,516222000,0.3224516157213415,6.221128370256124
MSTR,2018-09-30,Q3,19200000,635423000,913504000,365721000,0.1208643690895671,7.737962529593463
ADI,2018-11-03,FY,1495432000,10988540000,20449779000,6200942000,0.13609014482360715,26.614964371574313
EMR,2018-09-30,FY,2224000000,8947000000,20390000000,17408000000,0.2485749413211132,-14.477071035716849
NSA,2018-09-30,Q3,41843000,950520000,2715418000,241598000,0.17608466944409376,35.499591686408344
AEIS,2018-09-30,Q3,127701000,599062000,833632000,485287000,0.8526730121423158,10.072765604317576
ABM,2018-10-31,FY,97800000,1454600000,3627500000,6442200000,0.06723497868829918,20.48780239694487
OLED,2018-09-30,Q3,39591000,675507000,883744000,177271000,0.2344372449138203,40.670499452119216
SRET,2018-09-30,Q3,17321000,277990000,696301000,4597000,0.24923198676211375,-0.3970886783694471
GS,2018-09-30,Q3,7921000000,86762000000,957190000000,14211000000,0.3651829141790185,-7.260462644747047
AIXN,2018-09-30,Q3,-1143882,-3543055,2238268,196724,1.2914075564731566,776.0000228881836
OFIX,2018-09-30,Q3,4940000,323350000,450165000,331964000,0.06111025204886346,-7.384667967763297
HIBB,2018-11-03,Q3,21786000,328481000,510015000,702718000,0.26529388305564094,22.92307340181791
OKTA,2018-10-31,Q3,-94686000,244503000,796709000,283783000,-1.5490362081446853,92.44344822483235
MHK,2018-09-29,Q3,634812000,7563756000,13000926000,7535016000,0.3357125745462968,-28.8543442704388
CI,2018-09-30,Q3,2499000000,15555000000,82956000000,2222000000,0.6426229508196721,-29.13288725264238
ANSS,2018-09-30,Q3,266212000,2548546000,3056111000,878204000,0.4178256935523236,16.715051794564854
WHLR,2018-09-30,Q3,-4022000,56028000,527088000,49642000,-0.28714214321410725,-62.616821763525664
JBLU,2018-09-30,Q3,19000000,4414000000,10147000000,5690000000,0.017217942908926143,-11.532388417341545
HRB,2018-10-31,Q2,-328946000,-31325000,2233296000,294054000,42.00427773343974,-5.35041457162561
IOSP,2018-09-30,Q3,64600000,840300000,1497100000,1081900000,0.30750922289658456,19.571333304376044
CNMD,2018-09-30,Q3,25201000,652656000,1362980000,617191000,0.15445196244269568,21.30028394549914
CLIR,2018-09-30,Q3,-6959000,19330000,20994000,530000,-1.440041386445939,-28.12500256113704
WISA,2018-09-30,Q3,-64617550,6453482,8158371,1046354,-40.05127774432469,-78.84187082405344
RIBT,2018-09-30,Q3,-5700000,20713000,23028000,10213000,-1.100757978081398,-11.347520128952997
CW,2018-09-30,Q3,192914000,1621277000,3276071000,1763213000,0.4759556818483208,-6.3651450946428545
TKOI,2018-09-30,Q3,2671756,6543900,9521367,6043374,1.6331276455936063,-45.8588227188711
ABEO,2018-09-30,Q3,-36582000,150245000,160576000,5126000,-0.973929248893474,-80.4140127388535
CATY,2018-09-30,Q3,207237000,2116775000,16461722000,504086000,0.3916089334010464,-15.194179660941936
SCND,2018-09-30,Q1,142000,5782100,7309400,2038600,0.098234205565452,97.53846388596756
EQIX,2018-09-30,Q3,255337000,7160173000,20288071000,3761571000,0.14264292217520444,33.67798468949364
SRCL,2018-09-30,Q3,73600000,2921500000,6902900000,2633200000,0.1007701523190142,-14.410176939739348
STAG,2018-09-30,Q3,48989000,1506761000,2989275000,257703000,0.13005114945236837,8.26263268420161
ELS,2018-09-30,Q3,173006000,1118759000,3855037000,743202000,0.6185639623904702,39.080577238095564
UNIR,2018-09-30,Q3,2173701,15043170,63638769,76775452,0.5779901443645189,8.695652173913043
OPTT,2018-10-31,Q2,-7130000,3599000,6694000,172000,-7.924423450958599,-86.10000014305115
KAYS,2018-09-30,Q3,11692739,-15318689,2891034,850386,-3.0531957401837717,-51.271185242078374
HDSN,2018-06-30,Q2,-30616000,90010000,281010000,57831000,-1.3605599377846906,-58.252425330423854
AFL,2018-09-30,Q3,2395000000,23234000000,137941000000,16632000000,0.41232676250322803,10.02968523651487
GWRS,2018-09-30,Q3,3209000,29442000,254209000,27262000,0.43597581686026765,12.769959240047804
CBAN,2018-09-30,Q3,8952000,88988000,1186196000,36170000,0.4023913336629658,-14.722220102945963
BLSP,2018-09-30,Q3,-12811000,-12288000,43956000,8089000,4.170247395833333,-99.19354843063138
RICK,2018-09-30,FY,21794000,154269000,330566000,165748000,0.1412727119512021,-28.953609704031557
USAU,2018-10-31,Q2,-4481812,9097123,9430356,0,-1.9706502814131457,-22.11537809061557
GSHD,2018-09-30,Q3,-19269000,82953000,31199000,45431000,-0.9291526527069546,52.756886607108235
HEI,2018-10-31,FY,285686000,1398251000,2653396000,1777721000,0.20431667847904275,43.88643696999008
SNDR,2018-09-30,Q3,184100000,2053200000,3593900000,3655400000,0.3586596532242353,-15.384612475830103
SRDX,2018-09-30,FY,-4457000,108610000,164135000,81336000,-0.04103673694871559,-38.74352351403812
AMSF,2018-09-30,Q3,52826000,458996000,1586969000,283084000,0.4603613103382165,9.18114006123078
CIIT,2018-07-31,FY,-96747,-88855,6000,0,1.0888188621912105,336.9565117392965
JELD,2018-09-29,Q3,104608000,777960000,3202736000,3255625000,0.5378579875572009,-19.069576814826988
CDLX,2018-09-30,Q3,-41476000,51227000,138073000,102865000,-3.2386046420832764,44.463669176001495
EFBI,2018-09-30,Q3,291000,27712000,137819000,3692000,0.042003464203233254,0.7620145609056104
FBK,2018-09-30,Q3,63196000,648731000,5058167000,176503000,0.3896591961845511,-2.556152531553496
EL,2018-09-30,Q1,502000000,4406000000,12543000000,3524000000,0.4557421697684975,34.67554086640364
APYP,2018-09-30,Q1,-217576,-2067144,23489,78,0.421017597225931,-66.66666666666666
BXMT,2018-09-30,Q3,211917000,3300772000,12419475000,550011000,0.2568090131641931,7.26291118189443
GSAT,2018-09-30,Q3,89937000,392100000,1057821000,98167000,0.9174904361132364,-16.00000262260437
SYRS,2018-09-30,Q3,-44247000,94837000,120634000,1157000,-1.8662336429874415,-8.20106078185146
DEA,2018-09-30,Q3,6016000,911259000,1778511000,112383000,0.02640742094179591,10.74595439615999
CWST,2018-09-30,Q3,20096000,-5279000,702848000,485936000,-15.22712634968744,43.12685763528576
LIND,2018-09-30,Q3,16105000,120443000,464815000,239125000,0.5348588128824423,15.06024777021172
KBH,2018-08-31,Q3,73529000,2015949000,4974689000,3198393000,0.14589456380096918,13.038228255055415
KMG,2018-07-31,FY,64841000,416067000,818434000,465556000,0.15584268879771768,6.044562887778837
XRAY,2018-09-30,Q3,-1012400000.0,5142000000.0,8769200000.0,2926600000.0,-0.7875534811357449,40.339704458154046
SSOK,2018-09-30,Q3,-22272450,-22711547,367856,12886,3.9226654177278193,-54.400001525878906
STRM,2018-10-31,Q3,-2769417,9151120,33064574,16900482,-1.2105259246955564,31.521740890968918
GKIT,2018-09-30,Q3,-320658,-2939723,2104104,333649,0.4363104959208742,-32.49999674037092
IGC,2018-09-30,Q2,-1371000,13807000,16550000,2289000,-0.39718983124502066,-88.47006752690481
TBTC,2018-09-30,Q3,695109,3963627,6966369,6414084,0.7014878039734819,20.96774100513042
AIZ,2018-09-30,Q3,226000000.0,5219400000.0,43443100000.0,5740600000.0,0.17319998467256773,17.32747181247699
AVA,2018-09-30,Q3,90729000,1749552000,5557398000,1024672000,0.20743367444923044,-3.292997128420599
WU,2018-09-30,Q3,639800000,-415300000,8989600000,4188300000,-6.162292318805683,21.251967172734446
OPOF,2018-09-30,Q3,3531000,99575000,1025440000,28207000,0.14184283203615367,-16.530973721394496
NX,2018-10-31,FY,26328000,394152000,741849000,889785000,0.06679656579187725,30.161952177800934
TACT,2018-09-30,Q3,4464000,26965000,37078000,42832000,0.6621917300203968,-18.900802147480235
NWPP,2018-09-30,Q3,239000,49906000,679518000,21150000,0.019156013305013424,-4.081634763179803
CVON,2018-09-30,Q3,15843000,-156665000,1066896000,1102106000,-0.40450643091947786,37.00440181618242
NAOV,2018-09-30,Q3,-2957000,1386000,2425000,264000,-8.533910533910534,-46.98275954204561
WTFC,2018-09-30,Q3,263509000,3179822000,30142731000,850214000,0.33147641597548544,-23.370922779117212
CRUS,2018-09-29,Q2,53901000,1142975000,1404394000,620788000,0.18863404711389137,40.36938950151068
RGS,2018-09-30,Q1,-727000,468357000,820623000,287835000,-0.00620893890771356,0.3982095948544536
LXP,2018-09-30,Q3,205232000,1379604000,3171940000,24102000,0.5950461146821842,25.61576296823854
NVR,2018-09-30,Q3,565039000,1682316000,3089823000,5169126000,1.3434788707947853,46.34667329753741
BAH,2018-09-30,Q2,196917000,646340000,3735386000,3260845000,1.2186589101711174,42.98970685855946
MSN,2018-09-30,Q2,-1445000,41611000,45199000,4849000,-0.1389055778520103,-32.88590646983213
ROKU,2018-09-30,Q3,-15635000,221876000,428358000,466767000,-0.28186915213903263,30.413171398909476
INBK,2018-09-30,Q3,18324000,287740000,3202918000,83618000,0.25472996455133107,-26.03389933957892
NGVT,2018-09-30,Q3,139700000,322700000,1291900000,855000000,1.7316392934614193,-17.63680298738272
SCKT,2018-09-30,Q3,-408528,12440916,17482743,12309979,-0.13134981379184618,-2.0833411978347622
MBWM,2018-09-30,Q3,30450000,379465000,3300106000,104786000,0.32097821933511655,-0.09129269245182174
KLAC,2018-09-30,Q1,395944000,1567369000,5645109000,1093260000,1.010467860471912,57.28462918576508
TTNP,2018-09-30,Q3,-5519000,5489000,11854000,5381000,-4.021861905629441,-76.98412698412699
CWEN,2018-09-30,Q3,145000000,2375000000,8500000000,824000000,0.24421052631578946,-5.6016591558221664
MOFG,2018-09-30,Q3,22727000,349189000,3267965000,95425000,0.26034038872931275,-7.773749229935426
SBRA,2018-09-30,Q3,298476000,3362901000,6910339000,484200000,0.3550220479282619,1.686636259145093
NWE,2018-09-30,Q3,130468000,1899900000,5500098000,883193000,0.27468393073319647,28.60075518739456
NBIX,2018-09-30,Q3,3033000,447513000,933746000,319748000,0.027109826977093403,-27.484721885994173
BLDR,2018-09-30,Q3,153170000,538315000,3193585000,5908791000,1.138144023480676,44.6099208369175
AQST,2018-09-30,Q3,-47432000,23444000,90010000,50606000,-8.092816925439346,-82.43789684780603
HA,2018-09-30,Q3,201564000,983201000,3270955000,2100000000,0.8200317127423589,-31.238494720210053
PWCO,2018-09-30,Q3,-72184,273413,697243,939538,-1.0560434214905656,-3.7037110623015317
TMST,2018-09-30,Q3,7900000,574300000,1207300000,1204200000,0.05502350687793836,-57.35492373951537
GXXM,2018-09-30,Q3,-1520250,6394943,14981288,9763258,-0.9509076155956355,-99.99038461538461
GNW,2018-09-30,Q3,624000000,12798000000,102121000000,6417000000,0.19503047351148617,5.314016283183232
SLDB,2018-09-30,Q3,-52877000,145073000,156812000,0,-1.4579418637513528,-76.86663664227427
ATMO,2018-09-30,Q3,-790941,3069085,4999989,525405,-1.030849259632757,-98.85085710457393
GRWC,2018-06-30,FY,-2482639,-428546,2140031,330850,5.7931680613049705,41.22635176958532
BRGO,2018-03-31,Q1,-124834,-389290,1430238,65669,1.2826838603611703,0.0
MLM,2018-09-30,Q3,375896000,4939394000,9588171000,3224047000,0.3044065729520666,46.843133176634716
TTEK,2018-09-30,FY,136957000,966971000,1959421000,2964148000,0.14163506454692024,24.6917190496857
LIVN,2018-09-30,Q3,21162000,1784992000,2610680000,809978000,0.04742206127534465,-40.258687672563404
GLRE,2018-09-30,Q3,-273341000,556981000,1704312000,120770000,-1.9630184871656304,-13.863819840510287
RF,2018-09-30,Q3,1353000000,14770000000,124578000000,3235000000,0.3664184157075152,-12.017637402708393
CLF,2018-09-30,Q3,518600000,-86200000,3125000000,1636100000,-24.064965197215777,-44.166015200836185
SWN,2018-09-30,Q3,230000000,2205000000,7058000000,2687000000,0.41723356009070295,-60.15624985448085
ITIC,2018-09-30,Q3,21726000,195539000,266576000,123973000,0.44443307984596425,-7.013442181141707
OESX,2018-09-30,Q2,-5130000,19129000,35937000,27020000,-1.0727168173976684,176.47058686033114
ETSY,2018-09-30,Q3,36240000,394619000,907368000,403665000,0.3673416637313459,9.70777097216905
ANGO,2018-08-31,Q1,-469000,544889000,693871000,85340000,-0.0034429030499789864,-18.064224903116134
HLX,2018-09-30,Q3,42345000,1632168000,2378475000,581462000,0.10377608187392474,-15.688260858108032
AEP,2018-09-30,Q3,1566500000,19016800000,67617400000,12394600000,0.32949812797105715,32.863180424416
QSR,2018-09-30,Q3,842800000,4394800000,20985700000,3972500000,0.7670883771730227,18.83072397624748
AAME,2018-09-30,Q3,-905000,102118000,339549000,136353000,-0.03544918623553144,6.538464712673507
NRC,2018-09-30,Q3,22246000,30139000,108717000,89047000,2.9524536315073493,50.91623134680481
TPR,2018-09-29,Q1,122300000,3309600000,6703300000,1381200000,0.14781242446217066,-48.37107728975232
FTLF,2018-09-30,Q3,753000,1886000,7300000,13576000,1.5970307529162249,2280.952455289242
RFL,2018-07-31,FY,-12076000,106697000,116920000,4371000,-0.11318031434810726,128.13186108382254
EXPD,2018-09-30,Q3,163067000,1955849000,3334800000,2090947000,0.33349609300104455,0.47984434111069924
FTNT,2018-09-30,Q3,149600000,891600000,2763500000,473600000,0.6711529834006281,-17.41250252652907
SHEN,2018-09-30,Q3,31743000,444985000,1469827000,469370000,0.28533995527939143,-19.594068766196084
COSG,2018-09-30,Q3,-2606,-110219,238755,562104,0.09457534544860687,-55.05000114440918
FAT,2018-09-30,Q3,892000,8474000,52557000,13357000,0.42105263157894735,-41.573033346670485
SMIT,2018-08-31,Q1,-211819,9389078,11152684,3440453,-0.0902405965740193,-27.241385320420587
DE,2018-10-28,FY,2370600000,11287800000,70108000000,37357700000,0.21001435177802583,32.590382848821584
WLFC,2018-09-30,Q3,25117000,270688000,1965196000,216170000,0.3711579382905781,59.10930463963358
URBN,2018-10-31,Q3,211589000,1460609000,2197042000,2821675000,0.5794541865755997,-26.35580298992614
SGC,2018-09-30,Q3,12389000,150709000,335030000,251349000,0.3288191149831795,-13.62660456732245
RDI,2018-09-30,Q3,9493000,175503000,435657000,234395000,0.21636097388648626,-22.61528705597062
CRI,2018-09-29,Q3,151506000,811185000,2197946000,2375890000,0.747084820355406,-11.484317697064556
WNDW,2018-08-31,FY,-6854547,-3624407,929234,0,1.8912188945667525,-2.867380817199773
CRMD,2018-09-30,Q3,-28978147,-9497574,8048675,403274,12.204441681633647,12.268908276883558
CLRO,2018-09-30,Q3,-14151000,44736000,50799000,20943000,-1.2652896995708154,-12.440185738347576
CASI,2018-09-30,Q3,-18207005,113321404,120308842,0,-0.64266782292955,-26.11607357631536
STX,2018-09-28,Q1,450000000,1846000000,9578000000,2991000000,0.9750812567713976,13.643089983837283
CMCT,2018-09-30,Q3,2042000,622600000,1391715000,27564000,0.01311917764214584,-63.84180832816311
FMCC,2018-09-30,Q3,1698000000,15219000000,161246000000,8897000000,0.44628424995071947,146.80851783366785
TEL,2018-09-28,FY,2565000000,10831000000,20386000000,13988000000,0.23682023820515188,5.436140978854873
WBS,2018-09-30,Q3,261580000,2816198000,27346317000,774775000,0.371536376348538,-19.04435528022313
POLA,2018-09-30,Q3,-852478,22282371,24775394,15748845,-0.15303182951221841,-43.486237954174285
OVTZ,2018-09-30,Q3,-91669,-643924,35521,0,0.5694398717861114,0.0
POWI,2018-09-30,Q3,47248000,531132000,604427000,322648000,0.3558286828886228,47.299056504816164
MPWR,2018-09-30,Q3,77630000,610164000,763157000,428885000,0.5089123579889997,25.86996281689533
BFNH,2018-09-30,Q3,-59144,23935,29400,10575,-9.884102778358052,-50.49504903750891
NRG,2018-09-30,Q3,281000000,-936000000,11450000000,7795000000,-1.2008547008547008,4.83785153242437
SONC,2018-08-31,FY,71205000,-288846000,531134000,240722000,-0.24651544421594898,21.277191685023876
HSTM,2018-09-30,Q3,29427000,315694000,421500000,171791000,0.3728547264122853,-13.89718271002044
IBTX,2018-09-30,Q3,94295000,1567184000,9891464000,294485000,0.24067371795526243,-19.55759406967365
CHE,2018-09-30,Q3,151216000,568153000,979124000,1325140000,1.0646146372544016,29.49915245953164
DVN,2018-09-30,Q3,2563000000,8898000000,20172000000,2579000000,1.1521690267475837,-39.67661806027582
AVNS,2018-09-30,Q3,59700000,1300200000,1844500000,482400000,0.18366405168435626,-43.82780592247931
NNI,2018-09-30,Q3,205849000,2316864000,25104925000,671995000,0.3553924615342118,11.846261941431878
FIVN,2018-09-30,Q3,-3954000,127884000,376116000,185329000,-0.12367458008820494,27.597632774939907
VKTX,2018-09-30,Q3,-16823000,302053000,306796000,0,-0.22278209453307862,-57.18691888225834
SUIC,2018-09-30,Q3,16190,-62318,70872,120000,-1.0391861099521809,0.0
LEU,2018-09-30,Q3,-58900000,-277500000,506000000,83100000,0.849009009009009,25.17985808948673
M,2018-11-03,Q3,358000000,5667000000,20361000000,16516000000,0.25269101817540146,-57.605442384473314
SPG,2018-09-30,Q3,1989150000,3383616000,31079693000,4197177000,2.3515079725358907,-10.575177049551069
ATR,2018-09-30,Q3,154091000,1391744000,3406996000,2079733000,0.44287167754989426,10.114133678578137
BHC,2018-09-30,Q3,-3802000000,3153000000,33777000000,6259000000,-4.823342848081192,-20.62911250245395
SENS,2018-09-30,Q3,-86650000,76605000,183331000,11728000,-4.524508844070231,-77.97356809686306
AQB,2018-09-30,Q3,-7957964,21529165,26043274,77933,-1.4785457773211363,-14.052291146418113
W,2018-09-30,Q3,-360235000,-312221000,1299638000,4765170000,4.615128386623578,-20.60707226392139
SYBX,2018-09-30,Q3,-36504000,135034000,152046000,2409000,-1.0813276656249537,-84.91103304783515
BCPC,2018-09-30,Q3,58239000,685202000,986076000,480140000,0.3399814945081888,-11.280570594174312
XHR,2018-09-30,Q3,95909000,1766078000,3111708000,782544000,0.2172248337842383,-10.739953696187666
NKTR,2018-09-30,Q3,779525000,1790122000,2249098000,1153497000,1.7418365899083974,-68.40247283955821
LMB,2018-09-30,Q3,-5219000,42498000,258672000,395142000,-0.4912231163819474,-57.634596442567506
GCAN,2018-09-30,Q3,-863543,-702051,182490,95375,4.920115490185186,1.0801061456222978
RYN,2018-09-30,Q3,112682000,1600300000,2842215000,649991000,0.2816521902143348,-14.116928739810477
ONVO,2018-09-30,Q2,-13253000,38870000,42625000,1632000,-1.3638281450990482,-76.72413828540215
RYAM,2018-09-29,Q3,115781000,776856000,2667770000,1608051000,0.5961516677479481,-75.63818116001087
BELFB,2018-09-30,Q3,16684000,173311000,447903000,405451000,0.38506499875945555,-37.836783690434274
UGI,2018-09-30,FY,822400000,3681400000,11980900000,7651200000,0.2233932742978215,-8.27272588556463
SNPW,2018-09-30,Q3,-1439324,-2382695,374719,436574,2.416295833079769,-97.99999992052713
AN,2018-09-30,Q3,303300000.0,2618000000.0,10119800000.0,16001100000.0,0.4634071810542399,19.81699923944873
TLCC,2018-09-30,Q3,-19410000,-43943000,66641000,56259000,1.766834308080923,-67.30666756629944
PAYC,2018-09-30,Q3,105651000,360377000,1468186000,416004000,1.1726719518726223,36.87001970791967
SNWV,2018-09-30,Q3,-9570056,-13467782,723604,1393271,2.842355482142494,-18.659042600361143
STAA,2018-09-28,Q3,3872000,128864000,162988000,92768000,0.12018872609883288,-45.85416714350383
WM,2018-09-30,Q3,1392000000,6239000000,22591000000,11072000000,0.8924507132553294,25.973160302238085
PFS,2018-09-30,Q3,82624000,1331589000,9709633000,265907000,0.2481967033371408,2.6239031851768586
SEAC,2018-10-31,Q3,-18378000,74653000,93333000,45447000,-0.9847159524734438,81.59510286460375
ROK,2018-09-30,FY,535500000,1617500000,6262000000,6666000000,0.33106646058732614,-11.573849871074145
OGE,2018-09-30,Q3,370800000,4029600000,10703000000,1710100000,0.3680762358546754,24.944993241397313
ESCA,2018-10-06,Q3,16862000,126420000,149836000,124788000,0.5335231767125455,-12.709833121481944
AES,2018-09-30,Q3,1384000000,3305000000,32489000000,8114000000,1.675037821482602,16.08540387563734
AYI,2018-08-31,FY,349600000,1716800000,2988800000,3680100000,0.20363466915191053,-17.94686818438576
VLGEA,2018-10-27,Q1,6269000,306550000,483873000,401550000,0.08180068504322296,1.9413620267891802
AXGN,2018-09-30,Q3,-17167486,149479427,161657736,60504496,-0.45939394723529414,-66.77658599789086
CHSCP,2018-08-31,FY,775306000,8155582000,16381178000,32683347000,0.09506446014521097,-7.520528269787411
NTNX,2018-10-31,Q1,-94265000,431319000,1773086000,313283000,-0.8742021566404448,-28.89665000459032
FDX,2018-11-30,Q2,1770000000,19294000000,53289000000,34876000000,0.3669534570332746,-30.109168973031526
IPAS,2018-09-30,Q3,-14168000,-7538000,16173000,31237000,7.518174582117273,59.313728469282566
AFTM,2017-09-30,Q1,-1561784,-9415711,1323092,215396,0.6634800069798235,-81.25
TXT,2018-09-29,Q3,976000000,5543000000,14669000000,10222000000,0.7043117445426664,-31.44767581970816
GWRE,2018-10-31,Q1,5489000,1487723000,1968793000,179683000,0.014758123656083828,26.95290030181428
BRT,2018-09-30,FY,48001000,197987000,1153364000,119635000,0.2424452110492103,21.578503171707823
CIA,2018-09-30,Q3,-17275000,180739000,1601912000,178436000,-0.38231925594365357,-15.04854132963036
AMD,2018-09-29,Q3,299000000,1125000000,4347000000,5056000000,1.0631111111111111,-8.593255112614003
ORCL,2018-11-30,Q2,4598000000,30572000000,118318000000,18755000000,0.6015962318461338,15.135359561438102
APEI,2018-09-30,Q3,16546000,310051000,358025000,220757000,0.21346165630815575,-30.183399555944074
HP,2018-09-30,FY,482672000,4382735000,6214867000,2487268000,0.11013031816890595,-42.1090202128871
PBH,2018-09-30,Q2,65307000,1193238000,3697695000,493337000,0.21892363468142986,-8.473222511613837
BKTI,2018-09-30,Q3,1153000,31374000,40239000,38704000,0.1470007012175687,-14.964369276481476
IPWR,2018-09-30,Q3,-6028531,6386786,8657468,1144103,-3.775627365626467,-58.255451169647365
FAST,2018-09-30,Q3,583100000,2315600000,3193900000,3733500000,1.0072551390568318,11.233819216265685
OXM,2018-11-03,Q3,49612000,465347000,712753000,808931000,0.42645165865472434,-22.71928449732749
CHTR,2018-09-30,Q3,1146000000,37105000000,146085000000,32403000000,0.12354130171135966,26.3130060265551
CPSS,2018-09-30,Q3,9510000,192309000,2443570000,298557000,0.19780665491474658,0.8450696279642564
HGBL,2018-09-30,Q3,3343000,7122000,15032000,17758000,1.8775624824487505,50.79365004277343
CVI,2018-09-30,Q3,304000000,1239000000,4002000000,5386000000,0.9814366424535916,9.037178315160684
FRBK,2018-09-30,Q3,6470000,235824000,2657206000,66781000,0.1097428590813488,-38.746435862990694
GABC,2018-09-30,Q3,35549000,376123000,3363769000,94153000,0.3780571781039713,-6.686055086443919
PXLW,2018-09-30,Q3,-2980000,44653000,64088000,56015000,-0.26694734956217947,-21.555556191338432
RVSB,2018-09-30,Q2,8671000,122410000,1148447000,24318000,0.2833428641450862,-13.218386709682129
FMC,2018-09-30,Q3,476900000,3046400000,9406900000,3508600000,0.6261817226890757,13.197183975601487
GURE,2018-06-30,Q2,-11789973,365534158,370843729,2251861,-0.12901637498950236,-26.470590297738518
WINT,2018-09-30,Q3,-11491000,-31333000,1943000,1484000,1.4669517760827242,33.666666666666664
HRGG,2018-09-30,Q3,315000,24426000,115657000,3750000,0.051584377302873984,-1.09375266591083
AZO,2018-08-25,FY,1337536000,-1520355000,9346980000,11221077000,-0.8797524262425552,38.71917414253411
OPVS,2018-09-30,Q3,-16014086,-11333305,477896,736676,5.652044483052384,71.42856686699149
STWD,2018-09-30,Q3,311265000,4621237000,62921479000,815862000,0.26942136921348114,13.924047463561637
KODK,2018-09-30,Q3,-2000000,18000000,1540000000,1095000000,-0.4444444444444444,-7.017537402020417
GNL,2018-09-30,Q3,15187000,1404023000,3217058000,210981000,0.043267097476323395,-5.944907771076501
TWO,2018-09-30,Q3,510245000,4675982000,31530079000,618077000,0.4364815775595372,-11.91432250981043
PETS,2018-09-30,Q2,23334000,129841000,148071000,158786000,0.7188484377045772,-45.45454333155384
WASH,2018-09-30,Q3,51396000,427909000,4770672000,128890000,0.4804385979261946,-9.210043651458054
CEIX,2018-09-30,Q3,132751000,320934000,2745928000,1102272000,1.6545582580842166,-61.99705493379544
VNCE,2018-11-03,Q3,-2694000,73018000,250922000,201168000,-0.14758004875510147,43.99727714920853
KAMN,2018-09-28,Q3,30592000,638294000,1431649000,1374514000,0.19171102971358026,-11.425572615888425
TCNT,2017-08-31,Q2,-7255,-23841,3297,0,1.21723082085483,-52.45000123977661
SRG,2018-09-30,Q3,-29145000,845767000,2965036000,159640000,-0.13783938129532128,-10.46366337607871
HNNA,2018-09-30,FY,20615000,70980000,109480000,54590000,0.29043392504930965,-23.199996948242188
WFCF,2018-09-30,Q3,536411,10762537,15503346,10210947,0.1993622879066525,-30.37974447965394
NXRT,2018-09-30,Q3,3168000,231485000,1175713000,107207000,0.05474220791843964,37.7192907117143
ECPG,2018-09-30,Q3,63703000,778053000,4647404000,112809000,0.32749954051973323,-7.973049516421245
RMNI,2018-09-30,Q3,-70307000,-265409000,81483000,185083000,1.0596023495812124,-27.666664123535156
FGBI,2018-09-30,Q3,11595000,142344000,1752553000,57691000,0.3258303827347833,-17.320650143088375
PAHC,2018-09-30,Q1,16314000,192057000,678475000,200153000,0.3397741295552883,-51.43055107764317
HL,2018-09-30,Q3,-2870000,1722069000,2710258000,430617000,-0.006666399546127362,-30.714282490769158
MCHP,2018-09-30,Q2,132000000,5170200000,18667100000,2644900000,0.1021237089474295,18.312592771890607
VICR,2018-09-30,Q3,24939000,175540000,207665000,217500000,0.5682807337359006,-30.12363663803467
NHI,2018-09-30,Q3,117251000,1363400000,2671009000,220616000,0.3439958926213877,12.204672543233494
DBMM,2018-08-31,FY,-456410,-3781863,129826,536501,0.12068390631812945,-57.14285357912268
RGUS,2018-10-31,Q2,-777321,-2040729,61004,40000,1.52361435545827,34.54545700845641
OLP,2018-09-30,Q3,21381000,306067000,742437000,58856000,0.2794290139087193,2.520386644600429
SPTN,2018-10-06,Q3,47580000,736370000,2054041000,6167756000,0.258457025680025,-40.935368546749736
NRBT,2018-09-30,Q3,67106,1371455,2740987,2370819,0.19572206160610447,-81.25
EIX,2018-09-30,Q3,1084000000,14289000000,53563000000,9648000000,0.3034502064525159,12.331597076727874
DOV,2018-09-30,Q3,428698000,2747934000,8461770000,5183168000,0.6240295436498838,13.590465706369839
CLAR,2018-09-30,Q3,3753000,163994000,212096000,154834000,0.09153993438784346,2.028226400734062
PHOT,2018-09-30,Q3,-8577396,-3475489,1219159,2871300,9.871872418528731,-65.78947274487139
WSC,2018-09-30,Q3,-43185000,664331000,2797695000,494008000,-0.26002098351574743,-11.287628271583898
VPG,2018-09-29,Q3,20208000,214536000,321738000,222812000,0.3767759257187605,-11.099051077193948
ROYL,2018-09-30,Q3,-19701406,4815921,23272265,2391224,-16.363562442158,-47.22222498169641
GTII,2018-09-30,Q3,-1267784,-5006562,182400,0,1.0128978728316957,-84.3314759112252
KNDI,2018-09-30,Q3,-1418879,230269786,446900234,62690873,-0.02464724573114425,-6.889762005689756
BLNC,2018-09-30,Q3,-387310,-1907456,373226,0,0.8122022211783653,0.0
DWCH,2018-09-30,FY,-9252000,26517000,61684000,41678000,-0.3489082475393144,14.410485586815808
LILA,2018-09-30,Q3,-100600000.0,3126900000.0,13951400000.0,2757200000.0,-0.1286897566279702,-18.74999341244468
VRNT,2018-10-31,Q3,41912000,1199547000,2703575000,327576000,0.139759425849925,-0.8101559505729529
MBCN,2018-09-30,Q3,9006000,124233000,1206328000,36898000,0.2899712636739031,-0.7211031634882917
AMP,2018-09-30,Q3,1559000000,5618000000,145191000000,9716000000,1.11000355998576,-0.8667664644567002
TGI,2018-09-30,Q2,-91210000,-238051000,3375383000,1688008000,1.532612759450706,2.887138363037687
RSRV,2018-09-30,Q3,2554533,33830254,38113686,6529525,0.30204124391144094,4.761904761904762
FDP,2018-09-28,Q3,16400000,1743300000,3222000000,3448000000,0.03762978259622555,10.799645657503438
MPAD,2018-08-25,Q3,753000,24056000,26003000,13842000,0.12520784835384105,31.358022743600788
SRC,2018-09-30,Q3,77938000,2805358000,5092909000,315642000,0.11112734987833994,19.949871629227502
PPIH,2018-10-31,Q3,-1524000,50813000,103730000,94020000,-0.11996929919508788,-1.9693686916246216
CRSP,2018-09-30,Q3,-117391000,417314000,518903000,3009000,-1.1252054807650833,0.047237736635788403
DOOR,2018-09-30,Q3,83021000,691803000,1851491000,1641753000,0.48002682844682665,-7.420493184123482
DBB,2018-09-30,Q3,-50605974,189955422,229957223,3915600,-1.0656389476474117,-12.097738996286807
TSRI,2018-08-31,Q1,56036,8262021,13571196,16580921,0.027129439637105738,-42.800000508626304
SCS,2018-11-23,Q3,103400000,854500000,1980600000,2530800000,0.48402574605032184,9.2626476044933
KFY,2018-10-31,Q2,8725000,1173238000,2134467000,985155000,0.029746735104045387,-17.922020961398374
CBFV,2018-09-30,Q3,4622000,133683000,1253526000,31161000,0.13829731529065026,-7.57320790755567
LAZ,2018-09-30,Q3,418765000,1067125000,4944778000,2180533000,1.5696942719925033,-28.031561550607908
AKOM,2018-09-30,Q2,-4628204,43651030,48541838,1745000,-0.4241094883671703,-11.504428762050898
CTBO,2018-09-30,Q2,-1035479,-2422882,21527,0,1.7094996784820722,-73.82198952879581
BTCS,2017-12-31,FY,-45464569,513427,589424,4480,-88.55118449166093,-91.8660288354914
CDXI,2018-09-30,Q3,-3076873,-3334726,1555232,1134899,3.690705623190631,-60.0
IQST,2018-09-30,Q1,-503595,60044,2436911,3794359,-33.54839784158284,-33.33333333333333
BE,2018-09-30,Q3,-141972000,-84975000,1445145000,528432000,6.683000882612533,-89.27796718603842
HSON,2018-09-30,Q3,8487000,41312000,54436000,50357000,0.8217467079783114,-26.875001192092896
EQC,2018-09-30,Q3,257486000,3168318000,3813728000,154097000,0.32507595512824156,6.405476937391162
RDVT,2018-09-30,Q3,-4830000,37918000,41615000,11594000,-0.509520544332507,98.22581193449611
KPTI,2018-09-30,Q3,-120197000,171078000,219992000,30130000,-2.810343819778113,-42.06490116333633
CCBG,2018-09-30,Q3,17766000,298016000,2819190000,73025000,0.23845699559755182,17.657274346582057
IMAX,2018-09-30,Q3,29824000,613473000,873630000,265437000,0.19446006588717027,-13.093807900976854
CLB,2018-09-30,Q3,70787000,157438000,666597000,366025000,1.7984730497084567,-60.814966778958976
SPWR,2018-09-30,Q3,-745351000,-55958000,3126117000,1269248000,53.27931663032989,61.040779801932175
OMTK,2018-09-30,Q3,-317938,239955,1524535,1009653,-5.2999604092434,-47.61904626746833
PRTS,2018-09-29,Q3,688000,42557000,106369000,224821000,0.06466621237399253,-1.30718832029433
HAIN,2018-09-30,Q1,-37425000,1685424000,2903030000,560833000,-0.08882037991627033,-20.98312276349206
EKSO,2018-09-30,Q3,-22860000,5587000,22423000,8036000,-16.366565240737426,-75.78261002250339
MYE,2018-09-30,Q3,-5687000,159057000,341453000,428347000,-0.143017911817776,-22.373627044342374
SGMO,2018-09-30,Q3,-49670000,379906000,606604000,57615000,-0.522971471890415,-44.638558016890606
DWSN,2018-09-30,Q3,-12591000,129257000,161037000,126486000,-0.3896423404535151,-66.02254618140974
CE,2018-09-30,Q3,1112000000,3541000000,9824000000,5466000000,1.2561423326743857,7.055836015558108
FIBK,2018-09-30,Q3,119800000,1654400000,13355800000,341800000,0.28965183752417795,-9.557004459944565
CAT,2018-09-30,Q3,5099000000,15890000000,78209000000,40380000000,1.283574575204531,-16.870240771829398
LBRT,2018-09-30,Q3,215097000,416745000,1101033000,1671707000,2.06454306590361,-52.07596875452827
EBF,2018-08-31,Q2,18814000,286496000,362400000,192010000,0.2626773148665252,-7.752287549790113
KELYA,2018-09-30,Q3,46800000,1185800000,2393100000,4099200000,0.15786810592005396,3.784942626953125
BR,2018-09-30,Q1,76700000,1234000000,3381700000,972800000,0.2486223662884927,-4.758983410657666
UE,2018-09-30,Q3,109712000,1023254000,2810847000,313237000,0.42887494209648824,-9.311921331840352
GILD,2018-09-30,Q3,5457000000,22861000000,64305000000,16332000000,0.954813875158567,-19.317595863842513
GBLX,2018-09-30,Q2,-15382548,12884765,30406120,2032513,-4.775422136142956,-72.97297291854944
CYRX,2018-09-30,Q3,-7297337,29034396,31999386,13935555,-1.00533684255047,27.121341182252156
CTBI,2018-09-30,Q3,43519000,550264000,4173843000,126212000,0.31634997019612404,-5.307200738846631
INGN,2018-09-30,Q3,41800000,291264000,357112000,255283000,0.5740496594155131,-80.07424736664328
ARDX,2018-09-30,Q3,-63436000,141448000,206668000,2522000,-1.7939030597816865,16.34616178168377
UTI,2018-09-30,FY,-32682000,126645000,282278000,316965000,-0.25805993130403887,98.49056753156526
MCD,2018-09-30,Q3,1637300000.0,-6792600000.0,34053699999.999996,2511000000.0,-0.9641668874952154,27.893445733430315
ETST,2018-09-30,Q2,-1128593,108873,704148,368215,-41.46456880953037,-76.77419191096496
PRTA,2018-09-30,Q3,-133184000,339650000,524626000,761000,-1.5684852053584573,-39.44099284603587
PACV,2018-09-30,Q3,-1048559,-2282655,1829590,1908674,1.837437545314557,-76.38190954773869
TCON,2018-09-30,Q3,-27203000,28559000,48491000,3000000,-3.810077383661893,-78.35680610967667
ACRS,2018-09-30,Q3,-94187000,146328000,176176000,6422000,-2.5746815373681047,-92.0134222302897
ISDR,2018-09-30,Q3,772000,28104000,31906000,10584000,0.1098775974950185,-32.67973815469507
AXL,2018-09-30,Q3,304800000,1836600000,8246100000,5576300000,0.6638353479255146,-54.221712463849656
HFUS,2018-07-31,FY,-25366,612,1444,0,-41.447712418300654,0.0
SEND,2018-09-30,Q3,-4006000,196850000,245112000,105443000,-0.08140208280416561,51.82482721145087
SEAC,2018-10-31,Q3,-18378000,74653000,93333000,45447000,-0.9847159524734438,81.59510286460375
BLPG,2018-09-30,Q3,-419132,-2985682,611020,3152157,0.5615226269910861,-87.5
RSCF,2018-09-30,Q3,-161599,501828,598501,1119491,-1.2880827693950916,0.0
SXC,2018-09-30,Q3,41500000,459600000,2098200000,1082000000,0.36118363794604,-45.359927696100634
DPLS,2018-09-30,Q3,-2457786,-1416587,1105557,0,6.940021332964371,-99.62499997380655
FKWL,2018-09-30,Q1,123170,16279238,30817316,13328936,0.030264315811342028,2.4390221209414906
BWFG,2018-09-30,Q3,14172000,174754000,1885036000,58521000,0.32438742460830655,-12.028151635801605
TSBK,2018-09-30,FY,16721000,124657000,1018290000,41833000,0.13413606937436326,-17.35587600956196
DIN,2018-09-30,Q3,53373000,-213394000,1649682000,566700000,-1.000459244402373,-7.475104208121184
LVS,2018-09-30,Q3,2991000000,6862000000,23339000000,10254000000,1.7435150102011074,-4.418409020332113
BXP,2018-09-30,Q3,527322000,5876566000,20137498000,2011919000,0.3589320701920135,7.572748100235965
DVMT,2018-11-02,Q3,-1894000000,7592000000,121241000000,66780000000,-0.9978925184404637,-12.261461140334253
MMSI,2018-09-30,Q3,32828000,923211000,1309883000,649504000,0.1422340071771242,-50.93548374791299
CDZI,2018-09-30,Q3,-18243000,-79909000,72324000,329000,0.9131887522056339,14.727271686900744
NATR,2018-09-30,Q3,1610000,123486000,191527000,267436000,0.05215166091702703,1.601834633742133
CB,2018-09-30,Q3,3607000000,50934000000,167684000000,25091000000,0.2832685436054502,20.530146965389235
CAPC,2018-09-30,Q3,-370180,6528864,8624806,11889520,-0.22679596327936988,-20.000002980232196
FORD,2018-09-30,FY,1379320,11099595,19227866,34499503,0.12426759715106722,-45.16128709735523
SKX,2018-09-30,Q3,304167000,2024387000,3004475000,3561270000,0.6010056377560219,33.76052542532094
GLDG,2018-03-31,Q3,-5128628,-5749149,684051,70211,3.5682693212508494,-23.95832964684806
NTIC,2018-08-31,FY,7222847,53076745,63549236,51424821,0.1360830812062797,-39.8351684052533
DBS,2018-09-30,Q3,-3170032,17815715,17826253,250267,-0.7117383725547922,16.223130659821038
TFSL,2018-09-30,FY,85407000,1758404000,14137331000,443045000,0.04857074938410058,21.44790992720135
ATSG,2018-09-30,Q3,73615000,470699000,1553068000,611566000,0.6255802540477036,0.0
SNA,2018-09-29,Q3,516900000,3164400000,5354800000,3035200000,0.6533940083428138,-15.534776116208068
LPLA,2018-09-30,Q3,319161000,979467000,5289813000,3871358000,1.3034068529108178,26.576364319902407
ONTX,2018-09-30,Q3,-14759000,10860000,23136000,1169000,-5.43609576427256,-86.251809174897
FC,2018-08-31,FY,-5887000,80500000,213875000,209758000,-0.0731304347826087,43.71093893481882
FSSN,2018-09-30,Q3,-2620127,-3979528,871745,391037,2.633605794456026,-86.63072708671287
ALE,2018-09-30,Q3,113000000.0,2116100000.0,5163300000.0,1050300000.0,0.21360049147015736,18.18671779280348
SNOA,2018-09-30,Q2,-6278000,10785000,14348000,9308000,-2.328419100602689,-55.86206785674014
ADMG,2018-09-30,Q3,-3842237,-24081370,36230304,0,0.6382090387714653,-33.33333333333333
FMAO,2018-09-30,Q3,11756000,139347000,1108012000,34426000,0.3374597228501511,-37.775145762065456
CLFD,2018-09-30,FY,4274547,68874876,74228642,77651354,0.06206250011978243,-9.063670438740179
DTGI,2018-10-31,Q1,-941000,-1444000,4529000,1522000,2.6066481994459836,-74.26470717138065
LOGX,2018-09-30,Q3,-5533685,-8013764,29585,33843,2.7620903235982492,-34.6153815293452
BCML,2018-09-30,Q3,11875000,197310000,1344197000,41590000,0.24073792509249403,-14.127954910453033
RHE,2018-09-30,Q3,-10253000,7743000,101338000,16557000,-5.2966550432648845,-20.09803795530353
GLYC,2018-09-30,Q3,-34366718,218095688,225169662,0,-0.6303053180950556,-69.20923647926399
OXBR,2018-09-30,Q3,706000,14715000,19317000,2092000,0.19191301393136256,-56.666667108182565
AXNX,2018-09-30,Q3,-22818000,-88878000,42319000,200000,1.0269357996354553,85.18024445130875
WDFC,2018-08-31,FY,65215000,155489000,317059000,408518000,0.41941873701676646,2.7331677581996536
NTWK,2018-09-30,Q1,1281135,58133137,90334834,16396545,0.0881517885401574,-23.903819182274876
FNWB,2018-09-30,Q3,4975000,171903000,1237771000,33682000,0.11576295934335061,12.759069433730536
ACN,2018-11-30,Q1,1274720000,12678856000,26706412000,10605546000,0.4021561566753341,22.270847579707738
HPTO,2018-09-30,Q3,92700,-1124900,1159700,2520600,-0.3296293003822562,-10.714286094417377
MARK,2018-09-30,Q3,-14439000,-10004000,90449000,56788000,5.773290683726509,-64.64967988432963
CZFS,2018-09-30,Q3,13519000,134400000,1407880000,41670000,0.4023511904761905,-7.274179531578256
CSX,2018-09-30,Q3,2466000000,13735000000,36861000000,9107000000,0.7181652712049509,-8.156740891075751
LFAP,2018-09-30,Q3,-637453,-1188488,1544,2119,2.1454251115703316,836.0000700354592
TRC,2018-09-30,Q3,3929000,405941000,526011000,33971000,0.038714985675258225,-19.69202594777336
CMHZ,2018-09-30,Q1,32954,-32892,431210,395100,-4.007539827313632,-84.70588207672094
AON,2018-09-30,Q3,821000000,4262000000,25602000000,8000000000,0.7705302674800563,24.940260636070256
AINC,2018-09-30,Q3,5103000,63050000,389818000,144544000,0.3237430610626487,-69.61254202494437
MHH,2018-09-30,Q3,5817000,33171000,96146000,132519000,0.7014560911639686,-30.705883923698874
RUSHA,2018-09-30,Q3,92093000,1089159000,3189803000,3788406000,0.3382169178237521,-3.89937966549138
PMTS,2018-09-30,Q3,-30115000,-142339000,207148000,187298000,0.8462894919874384,-17.377048513960425
TNET,2018-09-30,Q3,163000000,350000000,2104000000,2586000000,1.8628571428571428,11.69769887066066
CLEV,2018-07-31,FY,-36841,-266261,23954,2840,0.13836423659492003,-24.22222031487359
DZSI,2018-09-30,Q3,3323000,77239000,195199000,207675000,0.1720892295343026,-36.88085294488445
PRPH,2018-09-30,Q3,-1273000,19699000,20575000,9033000,-0.25849027869435,-32.6599333086245
SSKN,2018-09-30,Q3,-3868000,33377000,46190000,21892000,-0.46355274590286727,-39.828083126242774
T,2018-09-30,Q3,14823000000,184971000000,534870000000,122763000000,0.3205475452908834,11.76471076153129
DLHC,2018-09-30,FY,1836000,39418000,62541000,133236000,0.04657770561672332,-25.641026059028853
GRWC,2018-09-30,Q1,-265445,951009,2330755,108473,-1.116477341434203,-31.208335113194185
FRD,2018-09-30,Q2,5600809,73689889,90720692,101625347,0.3040204878039645,-31.79871754291024
TSOI,2018-09-30,Q3,-1058465,-1472678,230490,4920,2.8749393961205367,-81.11111004756368
CWK,2018-09-30,Q3,-172900000,1409100000,6432400000,5818000000,-0.49080973671137607,10.91340501766164
PLYZ,2018-09-30,Q2,-21471777,-1607370,261298,0,53.43331529143881,-15.422886789283204
ARCB,2018-09-30,Q3,51963000,705091000,1517682000,2319509000,0.29478748133219684,-37.755721679001525
DHI,2018-09-30,FY,1462300000,8984400000,14114600000,16068000000,0.162759894928988,23.495968456014428
PFMT,2018-09-30,Q3,-2745000,81942000,142368000,115938000,-0.13399721754411656,-43.81443292634218
EGP,2018-09-30,Q3,70053000,868321000,2089165000,222414000,0.32270554322652567,32.38720866774221
FSFG,2018-09-30,FY,12336000,98813000,1034406000,42159000,0.12484187303290054,-9.45589068604129
HWKN,2018-09-30,Q2,16532000,217774000,389796000,295124000,0.3036542470634695,5.459483966067665
GBNK,2018-09-30,Q3,41764000,428239000,3810527000,112214000,0.3900999208385971,-29.39775287199075
MYRG,2018-09-30,Q3,20436000,311471000,701701000,1084824000,0.26244497882627915,-2.8650598399801437
PNM,2018-09-30,Q3,152821000,1771298000,6848995000,1042033000,0.3451051150060577,32.73994579704688
NSSC,2018-09-30,Q1,1504000,63709000,77248000,23376000,0.0944293584893814,73.11609499295719
AEL,2018-09-30,Q3,404193000,2489296000,63448998000,1998083000,0.6494896549064475,-29.03690774570533
PKBK,2018-09-30,Q3,18105000,147872000,1341990000,44398000,0.489747890067085,0.674765539408482
CHYL,2018-03-31,Q1,38582,730633,1284722,169354,0.21122506100874172,-33.33333498901784
SP,2018-09-30,Q3,46600000,358700000,753400000,1091200000,0.5196543072205185,5.560263064449757
APTV,2018-09-30,Q3,850000000,3608000000,12327000000,10799000000,0.9423503325942351,3.31787493998282
PGAI,2018-09-30,Q3,-332000,-90592000,635000,6000,0.014659131049099258,2400.000181898945
QMCI,2018-09-30,Q3,329181,-2052069,3237901,8277682,-0.6416567863946095,49.99999467815674
NPO,2018-09-30,Q3,46700000,896800000,1740000000,1150600000,0.20829616413916147,-4.540337018907901
UWHR,2018-09-30,Q3,1344000,33054000,637390000,16016000,0.16264294790343076,-6.6427264894801015
AVD,2018-09-30,Q3,16659000,328490000,589911000,322934000,0.20285549027367653,-18.343815586977048
IRDM,2018-09-30,Q3,-5802000,1599781000,4106685000,390843000,-0.014506985643659976,-4.605841504396321
MTSI,2018-09-28,FY,-139977000,668675000,1482495000,570398000,-0.2093348786779826,5.242717979158606
LPSN,2018-09-30,Q3,-18567000,166898000,277854000,184114000,-0.4449903533894954,41.24203167550169
DAIO,2018-09-30,Q3,958000,23025000,29863000,21367000,0.16642779587404993,-25.961537579812916
DY,2018-10-27,Q3,74961000,816858000,2133212000,2379100000,0.367069919129151,-26.88539258648478
CARV,2018-09-30,Q2,-3047000,48270000,615047000,12040000,-0.252496374559768,-29.30232960446692
SPR,2018-09-27,Q3,439400000,1115900000,5682100000,5386700000,1.5750515279146877,-8.534061941204019
IRIX,2018-09-29,Q3,-9957000,32609000,43537000,31133000,-1.2213806004477292,-71.9047630581095
ALSN,2018-09-30,Q3,492000000,684000000,4285000000,2066000000,2.8771929824561404,-9.914792781564403
TER,2018-09-30,Q3,307991000,1667760000,2882487000,1581244000,0.7386938168561423,55.55555325823721
PLX,2018-09-30,Q3,-36238000,-64994000,67197000,7222000,2.2302366372280518,-73.33333333333333
IPIX,2018-09-30,Q1,-2050000,-3972000,4305000,0,2.0644511581067473,-43.79151928261228
CAPD,2018-09-30,Q3,-397385,735931,735931,0,-2.1599035779169515,2.319391000159577
FCAP,2018-09-30,Q3,6767000,81235000,790541000,21260000,0.33320613036252844,49.7531745286857
VIRT,2018-09-30,Q3,472255000,997424000,7238530000,61337000,1.8938986830074271,-17.088915897291972
BANC,2018-09-30,Q3,34434000,946678000,10260822000,311666000,0.14549403281791698,-24.705885832847315
XDSL,2018-09-30,Q1,-197645,-1861191,12460,0,0.42477102027680125,52.799999713897705
RFL,2018-10-31,Q1,-665000,106442000,116629000,1135000,-0.024990135472839667,125.06141181986709
CVX,2018-09-30,Q3,11137000000,153575000000,256606000000,118564000000,0.29007325411036955,-4.654715768098299
GVP,2018-09-30,Q3,-1033000,30114000,57551000,69394000,-0.1372119280069071,-50.0
AR,2018-09-30,Q3,-64437000,7913613000,15802535000,3093978000,-0.03257020529055439,-81.73719299225634
ST,2018-09-30,Q3,344896000,2355498000,6664315000,2673705000,0.5856867634784662,0.020251339044488992
MXL,2018-09-30,Q3,-26510000,392394000,742144000,297370000,-0.27023858672660644,11.679197165919057
UMH,2018-09-30,Q3,-8485696,453113569,868504952,95341628,-0.0749101027252618,-10.868170503718503
PRKR,2018-09-30,Q3,-4838000,-18250000,5697000,13000,1.0603835616438355,-82.75861993662382
VRTX,2018-09-30,Q3,562007000,2906116000,4620840000,2177491000,0.7735506772613344,-12.961320082340269
HLNE,2018-09-30,Q2,55675000,101316000,356241000,119195000,2.1980733546527698,33.62770539437038
IWSY,2018-09-30,Q3,-9351000,-118000,13753000,3337000,316.9830508474576,-46.372239352203415
WPC,2018-09-30,Q3,229063000,3061723000,8518988000,612337000,0.2992602531319783,41.416675531474
CODX,2018-09-30,Q3,-4323555,127354,2713395,29088,-135.79644141526768,-57.02811050787274
TBLT,2018-09-30,Q3,-7137615,-14698599,2812173,11925629,1.9423932852375931,-89.84615384615384
FSI,2018-09-30,Q3,2694100,17541405,19704035,12155351,0.6143407554868039,59.333340326944985
HTBK,2018-09-30,Q3,22099000,353566000,3192910000,94467000,0.2500127274681389,-19.663299671948888
MCY,2018-09-30,Q3,76151000,1734230000,5313037000,104500000,0.17564221585372183,12.52786592557559
GIFI,2018-09-30,Q3,-15696000,205136000,262957000,161016000,-0.3060603697059512,-45.410153539705725
GURE,2017-12-31,FY,7953313,381962196,387499423,107522441,0.020822251739279454,-54.10959154652657
GLDG,2016-09-30,Q1,-196290,-1704068,0,0,0.4607562609003866,-41.66666405242783
SHAK,2018-09-26,Q3,22496000,224159000,592322000,324869000,0.40142934256487584,62.35294014983158
GSBC,2018-09-30,Q3,49821000,508127000,4584086000,149808000,0.3921932902601121,5.170195864180209
ADM,2018-09-30,Q3,1498000000,19000000000,39664000000,48394000000,0.3153684210526316,-18.29974430642547
MASI,2018-09-29,Q3,146609000,912398000,1095859000,635157000,0.642741435207004,17.89160492987963
ZOES,2018-10-01,Q3,-26316000,107598000,223442000,262573000,-0.9783081469915798,0.630914209626635
OHI,2018-09-30,Q3,228981000,3462345000,8641964000,661932000,0.26453862916607096,28.85448890082507
CPMD,2018-09-30,Q3,-1165405,-1164705,758758,0,4.002404042225285,-15.000001589457193
KWR,2018-09-30,Q3,51928000,431378000,729289000,656039000,0.4815080973067704,-22.228797412566877
BUSE,2018-09-30,Q3,73638000,972140000,7889385000,211719000,0.30299339601291997,-17.610873208796452
PESI,2018-09-30,Q3,863000,29963000,58609000,37801000,0.1152087574675433,5.528846815140314
VRTS,2018-09-30,Q3,74987000,643718000,2884282000,414170000,0.4659618031498265,-1.8763694277827154
PHIL,2018-09-30,Q1,-917682,-4323374,28675434,0,0.8490424376887126,-98.83720937118943
ENCR,2018-09-30,Q3,-8407000,-12914000,5859000,1100000,2.6039956636208768,-69.79999959766864
WD,2018-09-30,Q3,115497000,901056000,3568236000,510313000,0.5127184103984658,7.477169335031367
RSLS,2018-09-30,Q3,-53488683,36048528,47053842,1953603,-5.935186368774891,-92.28136882129277
TLK,2018-09-30,Q3,-19371814,-23163638,6243886,17576696,3.345210972473322,22.625352962513563
ICGL,2018-09-30,Q3,-930448,-86795,11790842,253859,42.88025807938245,-95.40909084874737
SEB,2018-09-29,Q3,73000000,3412000000,5435000000,4921000000,0.08558030480656506,16.180670616610737
RNGR,2018-09-30,Q3,-7500000,100400000,305000000,217800000,-0.29880478087649404,-23.820750154859624
AMMJ,2017-12-31,FY,-1488474,781455,1858256,2443054,-1.904746914409659,-76.83823571305167
UFI,2018-09-30,Q1,1812000,390113000,608118000,181611000,0.018579232171191423,-19.579404037230503
EDGW,2018-09-30,Q3,-5726000,49392000,73172000,76798000,-0.463718820861678,-12.25296230376054
KO,2018-09-28,Q3,5549000000,18264000000,86877000000,24798000000,1.215286903197547,17.579569144838008
LSTR,2018-09-29,Q3,186913000,726210000,1390712000,3432793000,1.0295258947136503,-7.027116455303549
ZDGE,2018-07-31,FY,-1563000,10010000,11719000,10833000,-0.15614385614385615,-37.037037483012675
EQT,2018-09-30,Q3,-1245185000,11000175000,28661329000,3613395000,-0.4527873420195588,-53.16797150381078
CNNA,2018-09-30,Q3,-22030,-61114,1900,0,1.4418954740321366,1099.999937911829
CZNC,2018-09-30,Q3,16332000,189987000,1285439000,37024000,0.3438551058756652,0.7590089286354119
BRN,2018-09-30,FY,-1418000,16026000,31378000,9368000,-0.08848121802071633,-69.27374169597394
OMER,2018-09-30,Q3,-103200000,-88997000,75610000,7852000,4.638358596357181,17.478506975041398
MOH,2018-09-30,Q3,506000000,1561000000,8051000000,93000000,1.296604740550929,-27.45375883387995
UAMY,2018-09-30,Q3,670222,11221831,17451374,6781001,0.23889933826306955,-32.098764160242304
UHAL,2018-09-30,Q2,291391000,3633167000,11323845000,2124084000,0.320812117912554,11.303121146466763
THR,2018-09-30,Q2,6703000,331203000,650278000,179056000,0.08095337300688701,-10.106172489117688
XRX,2018-09-30,Q3,93000000,5188000000,15353000000,2352000000,0.07170393215111796,12.001477138686855
HOLX,2018-09-29,FY,-111300000,2428800000,7230900000,2643900000,-0.04582509881422925,20.882065067356734
XXII,2018-09-30,Q3,952490,79494380,86415590,19291110,0.04792741323348896,-13.669066327704444
FNRN,2018-09-30,Q3,9203000,106589000,1243918000,33594000,0.3453639681393014,-19.225144022012156
WSR,2018-09-30,Q3,12704000,334653000,1060446000,101264000,0.15184683836690543,0.5822410847066868
SINC,2018-09-30,Q3,774114,13624,501046,1177032,227.2795067527892,-96.875
LARK,2018-09-30,Q3,7964000,86810000,962330000,24330000,0.36696233152862573,-18.1355924591803
ABMC,2018-09-30,Q3,-615000,72000,2808000,2988000,-34.166666666666664,-21.66666832235118
JRSS,2018-09-30,Q3,5641701,15997451,50641373,20590734,1.410649984175604,231.99999999999997
HE,2018-09-30,Q3,153618000,2132045000,12911554000,2099199000,0.2882078004920159,27.76371067146292
G,2018-09-30,Q3,202111000,1285018000,3456629000,2165451000,0.6291304868881215,25.750080730590618
LUV,2018-09-30,Q3,615000000,10153000000,26882000000,5575000000,0.24229291834925637,-11.928688037832893
CYTK,2018-09-30,Q3,-79821000,52069000,230279000,22124000,-6.131940309973305,26.748055340628955
ALL,2018-09-30,Q3,417000000,6968000000,41286000000,2306000000,0.23938002296211253,9.438752833631343
AMS,2018-09-30,Q3,1439000,24870000,56470000,14944000,0.23144350623240853,-34.22459807823151
UFCS,2018-09-30,Q3,56986000,884216000,2830960000,818104000,0.25779221366724875,-5.03246672822201
VXRT,2018-09-30,Q3,-13105000,15988000,40636000,2392000,-3.2787090317738303,-88.92857115487662
PCG,2018-09-30,Q3,32000000,19444000000,71385000000,12671000000,0.006583007611602551,-77.93764961584824
HAL,2018-09-30,Q3,989000000,8998000000,25751000000,18059000000,0.4396532562791732,-54.37271646688215
DRQ,2018-09-30,Q3,-20783000,1191256000,1292759000,287291000,-0.06978516792360333,-1.514862242314393
LTBR,2018-09-30,Q3,-12453086,26793767,28182891,0,-1.8591019321769873,-20.430105413486185
EGBN,2018-09-30,Q3,111959000,1061651000,8057855000,287705000,0.4218297726842437,-11.174953939440115
BGS,2018-09-29,Q3,60511000,832586000,3431983000,1242709000,0.2907135118774517,-27.81332131926217
TISI,2018-09-30,Q3,-73177000,436448000,1022575000,937130000,-0.6706595058288731,-15.848005775996029
CDXS,2018-09-30,Q3,-10417000,54773000,78600000,44526000,-0.7607397805488105,-19.89467841923768
EEFT,2018-09-30,Q3,172236000,1178835000,3460786000,1887244000,0.5844278461362277,24.83921644140524
AUBN,2018-09-30,Q3,6434000,85459000,808951000,21721000,0.30115025918861676,21.176478048904226
ACM,2018-09-30,FY,197127000,4092780000,14681131000,20155512000,0.048164572735402346,13.758396290969014
FUV,2018-09-30,Q3,-7463296,8728950,11815403,91782,-3.420020048230314,-14.400004069010416
AMRX,2018-09-30,Q3,-180973000,501105000,4582048000,1165463000,-1.444591452889115,-85.10935280704652
CHMG,2018-09-30,Q3,13896000,156499000,1753864000,47674000,0.35517159854056574,-1.7076012683890716
SCOR,2018-09-30,Q3,-132064000,568542000,953550000,310172000,-0.9291415585831829,-89.70669579657087
ICLD,2017-12-31,FY,-44892000,-38654000,16456000,34520000,1.1613804522171056,-99.80645160519873
FRLI,2018-09-30,Q3,-5309067,194496,372586,17116,-109.1861426456071,-91.11666672406373
CULP,2018-10-28,Q2,3909000,162918000,222211000,148479000,0.09597466209995212,-31.795569844327233
ABBV,2018-09-30,Q3,7513000000,-2921000000,66164000000,24448000000,-10.28825744608011,-21.210527921977796
GMGI,2018-10-31,Q1,331999,-665609,1249607,633,-1.995159320261595,399.99998013178583
SUWN,2018-10-31,Q2,-2295680,5917451,32194257,11194934,-1.551803301793289,66.6666696232463
BEN,2018-09-30,FY,742700000,9899200000,14383500000,6319100000,0.07502626474866655,-6.100362821627369
HMNF,2018-09-30,Q3,5884000,79994000,737445000,22584000,0.2942220666549991,7.228915662650602
SM,2018-09-30,Q3,198675000,2599399000,6273721000,1672880000,0.3057245155514794,-69.95694858475554
BAC,2018-09-30,Q3,20869000000,262158000000,2338833000000,48933000000,0.3184186635540399,-1.0118018243516511
ACIW,2018-09-30,Q3,-18769000,962938000,1984324000,689830000,-0.0779655595687365,12.545854906745276
TRIP,2018-09-30,Q3,105000000,1442000000,2192000000,1269000000,0.2912621359223301,-24.750341619699405
EVC,2018-09-30,Q3,5425000,335429000,748598000,215742000,0.06469327339019584,-34.56790165852004
CATO,2018-11-03,Q3,33693000,326200000,506893000,637229000,0.41315757204169223,-12.960241473885104
PFIS,2018-09-30,Q3,18528000,272971000,2257843000,62179000,0.27150136827721627,6.553165784977584
ALLE,2018-09-30,Q3,302500000,596900000,2730100000,2029300000,2.027140224493215,12.464341328097284
LOPE,2018-09-30,Q3,153480000,1138358000,1252691000,667953000,0.5393031014847701,-12.326834020111226
CIX,2018-09-30,Q3,12655000,147514000,164032000,90827000,0.34315387014113913,6.222223352502893
EXC,2018-09-30,Q3,1979000000,31020000000,119485000000,27170000000,0.25519019987105096,11.909693804446883
COLB,2018-09-30,Q3,128134000,1981395000,12956596000,367268000,0.2586743178417226,-2.752301467263499
JNJ,2018-09-30,Q3,12255000000,64626000000,155703000000,61187000000,0.7585182434314363,-7.9390050426424645
CLNE,2018-09-30,Q3,-14887000,500952000,843430000,250190000,-0.11886967214423737,-19.23076993614967
BHE,2018-09-30,Q3,-4899000,1201682000,1940771000,1909415000,-0.016307142821478562,22.878851642497658
BANF,2018-09-30,Q3,93089000,884801000,7602438000,223449000,0.42083587156886126,-4.900117716986065
DNLI,2018-09-30,Q3,-113773000,461179000,544475000,3484000,-0.9868012203504496,-26.496516411253058
FGEN,2018-09-30,Q3,-107373000,471311000,855641000,104903000,-0.9112709018036923,-35.77981847588912
WEX,2018-09-30,Q3,146056000,1839497000,7159742000,721411000,0.31759986561543724,0.9806407973933251
PRO,2018-09-30,Q3,-51486000,63011000,429176000,25644000,-3.268381711129803,69.53890644834433
CFG,2018-09-30,Q3,1256000000,20276000000,158598000000,4216000000,0.24778062734267114,-7.768507546457562
MAXD,2018-09-30,Q3,-5011919,-16147699,42468,0,1.2415190548201325,0.0
SWK,2018-09-29,Q3,247800000,8082200000,20447700000,3494800000,0.12263987528148276,-2.8383294719248964
GORO,2018-09-30,Q3,8430000,121969000,147790000,87177000,0.2764636915937656,-33.466136915146635
SAH,2018-09-30,Q3,29830000,803844000,3703931000,7377372000,0.14843676136165723,62.47357107378788
HUSA,2018-09-30,Q3,-316000,7597905,7733265,1881683,-0.16636164837544035,-17.391304347826086
AVGO,2018-11-04,FY,12610000000,26657000000,50124000000,20848000000,0.4730464793487639,34.75850846149057
DXYN,2018-09-29,Q3,-7685000,74129000,287174000,306858000,-0.4146825129166723,-26.31579167514842
FGH,2018-09-30,Q3,-1378075,-261419,462348,166988,21.086072550197194,-21.46464987027862
SMBC,2018-09-30,Q1,6800000,206062000,1943628000,22042000,0.13199910706486398,-0.5978190504534151
EXEO,2018-08-31,Q3,-754785,-2951489,282433,4518,1.0229209731088273,13.365153773226519
TAP,2018-09-30,Q3,1058900000,13864100000,30470300000,10313600000,0.30550847151996885,-6.1101093280660885
HBNC,2018-09-30,Q3,39984000,477594000,4150561000,122438000,0.33487857887661904,-9.459457985837837
SNX,2018-08-31,Q3,187417000,2327362000,7258302000,14431562000,0.32211061278821257,-13.5712111956741
CCI,2018-09-30,Q3,458000000,12295000000,32644000000,497000000,0.14900366002440016,24.870927039468864
LPTH,2018-09-30,Q1,-582891,35062351,45979070,8549721,-0.06649765156934286,-56.716417467849965
ETCK,2018-09-30,Q3,-697277,-7029791,340215,155717,0.39675546541853096,-30.00000074505805
ANCX,2018-09-30,Q3,26658000,441943000,3021323000,83142000,0.2412799840703439,-10.159817376453637
USAC,2018-09-30,Q3,-783473,12519476,42109336,7725754,-0.2503213393276204,1.5267188396869618
EBS,2018-09-30,Q3,66181000,966649000,1173623000,511667000,0.2738574187735155,-21.664359574211122
OCFC,2018-09-30,Q3,45200000,1029844000,7562589000,204296000,0.1755605703388086,-12.97257249586258
KLXE,2018-10-31,Q3,9500000,328300000,641200000,351400000,0.11574779165397503,-71.44340541953748
WBA,2018-11-30,Q1,1100000000,25609000000,69941000000,33793000000,0.17181459643094224,-29.609070788924647
INSG,2018-09-30,Q3,-3902000,-33235000,158909000,146420000,0.4696253949149993,22.727273603006754
GNPX,2018-09-30,Q3,-8941297,10483934,11049327,0,-3.411428190982507,-61.3953479500704
VTSI,2018-09-30,Q3,2088150,12459483,17343031,15495697,0.6703809459830717,-48.473279282079766
WYNN,2018-09-30,Q3,287574000,1804993000,12377491000,5030074000,0.6372855739606746,-13.600447594390236
ACCA,2018-09-30,Q3,-1523721,-803838,560392,134516,7.582229255148426,-69.34782607287225
ULTA,2018-11-03,Q3,443885000,1835736000,3332691000,4591899000,0.9672087925496913,-18.244310799153176
ENSG,2018-09-30,Q3,65969000,561899000,1143575000,1502884000,0.4696146460484891,26.234817484015522
OPTN,2018-09-30,Q3,-80277000,142730000,237622000,4042000,-2.2497582848735376,-37.53213441136394
ELAN,2018-09-30,Q3,70100000,5137100000,9211500000,2267500000,0.054583325222401745,-21.73139645177733
WSBC,2018-09-30,Q3,99184000,1927269000,12599479000,293596000,0.20585398301949545,-14.102563654703527
FCF,2018-09-30,Q3,80500000,972931000,7686345000,214312000,0.3309587216359639,-15.009498994836932
QNBC,2018-09-30,Q3,9008000,98834000,1184389000,31997000,0.36457089665499726,-20.37037467971919
URG,2018-09-30,Q3,6200000,53364000,101304000,23482000,0.46473277865227497,-25.925923200519225
NINK,2018-09-30,Q1,-204040,-2372617,339250,0,0.3439914659635331,-41.8651196295663
RPMT,2018-09-30,Q3,-4067705,-18437815,519752,0,0.8824700757654852,41.379313179769156
HURN,2018-09-30,Q3,10585000,529873000,1040565000,589671000,0.07990593972517943,24.210953455256575
GPN,2018-09-30,Q3,401344000,3974286000,13839236000,2485811000,0.40394073300210404,23.96459097320552
AHT,2018-09-30,Q3,-90261000,499300000,4733340000,1087301000,-0.7231003404766674,-43.37152005156531
ICHR,2018-09-28,Q3,54398000,223224000,512360000,682209000,0.9747697380210013,19.1478934025633
HR,2018-09-30,Q3,53456000,1740252000,3201083000,5973000,0.12286956141984035,16.44073502598754
MRAM,2018-06-30,Q2,-8646000,30983000,51564000,25618000,-1.1162250266275053,-24.624274353039443
DTH,2018-09-30,Q3,68645000,-128550000,716210000,1609676000,-2.1359782185919873,-6.689045736675585
CVGW,2018-10-31,FY,32012000,264959000,367736000,1088758000,0.1208186927033994,-8.979380499456347
DAN,2018-09-30,Q3,334000000,1239000000,5947000000,6170000000,1.0782889426957223,-23.863032982230838
PBSK,2018-09-30,Q3,1225000,61218000,440728000,13940000,0.08004181776601653,1.0782689318817578
UNIT,2018-09-30,Q3,1862000,-1500544000,4570824000,746880000,-0.00496353322528363,-61.186184724141825
AVAV,2018-10-27,Q2,33366000,444174000,486567000,151022000,0.3004768401572357,-33.69527156591071
WSFS,2018-09-30,Q3,105025000,798822000,7159842000,215179000,0.5258993868471324,-4.532704955368126
ECPG,2018-09-30,Q3,-170086,166293,188182,21020,-4.091236552350369,-7.973049516421245
JBSS,2018-09-27,Q1,6606000,221347000,415427000,204288000,0.11937817092619281,35.510196543073704
DLB,2018-09-28,FY,122805000,2189551000,2659269000,94552000,0.05608684154879243,-8.832357006372622
LCII,2018-09-30,Q3,128372000,735646000,1234219000,1939191000,0.6980096405064392,7.995637119254603
NPK,2018-09-30,Q3,28132000,353959000,404372000,237706000,0.3179125265920629,-30.711173287099474
CONN,2018-10-31,Q3,44373000,587034000,1841012000,773224000,0.30235386706732487,-12.742983542218214
COHN,2018-09-30,Q3,-3575000,36570000,4820292000,33765000,-0.39103089964451737,-62.799999713897705
ATNI,2018-09-30,Q3,29387000,697655000,1184050000,343401000,0.1684901563093506,-17.476547706096206
PFE,2018-09-30,Q3,11571000000,71319000000,167838000000,39670000000,0.6489715223152316,-18.18387571333883
STCN,2018-10-31,Q1,-7365000,105431000,827727000,215133000,-0.2794244577021939,-21.95121866120673
ELMD,2018-09-30,Q1,154392,23034042,27514230,7275883,0.026811099849518377,0.0
EFSC,2018-09-30,Q3,65688000,586837000,5517539000,173800000,0.4477427292416804,-21.517531783358226
NDLS,2018-10-02,Q3,-8460000,51975000,172332000,344648000,-0.651082251082251,-51.12847317079148
HBIO,2018-09-30,Q3,-5784000,80959000,165040000,86916000,-0.28577428080880446,-39.80000019073486
CNDT,2018-09-30,Q3,-237000000,3359000000,6730000000,1304000000,-0.282226853230128,-71.23412028480764
CWBC,2018-09-30,Q3,6050000,75557000,854709000,31590000,0.3202879944942229,-18.333331743876137
HHS,2018-09-30,Q3,15909000,-18456000,106089000,214417000,-3.4479843953185956,-53.19149130445193
CNOB,2018-09-30,Q3,41680000,594871000,5368641000,158910000,0.28026244345412704,-5.6619835532792955
PTRC,2018-10-31,Q2,-995708,2275293,8647511,984497,-1.7504699394759269,-81.13207417202396
CSPI,2018-09-30,FY,14440000,33802000,55275000,59661000,0.42719365718004854,-0.5519496729741874
WEWA,2018-08-31,Q1,-500716,-5220826,6062346,0,0.3836297168302487,25.00000465661298
SDPI,2018-09-30,Q3,1298526,15973313,28321476,14764577,0.3251738696912782,-73.01136382878566
ORN,2018-09-30,Q3,-6000,235882000,424748000,421682000,-0.00010174578814831145,-38.194445456251714
MVIS,2018-09-30,Q3,-15302000,12048000,29970000,0,-5.080345285524569,-52.800002098083496
CTO,2018-09-30,Q3,25371379,206012014,476159770,57113481,0.4926194061672539,5.979150999846943
PKOH,2018-09-30,Q3,39900000,302700000,1242400000,1252200000,0.5272547076313181,-23.10102315733251
SWKH,2018-09-30,Q3,1596000,209744000,213145000,19473000,0.030437104279502632,35.978842760092974
SHW,2018-09-30,Q3,1007758000,3974839000,19980696000,13470272000,1.0141371763736846,19.098471980805577
CMT,2018-09-30,Q3,-839000,102849000,192066000,187243000,-0.03263036101469144,-11.06128911249629
FITB,2018-09-30,Q3,1721000000,15830000000,141685000000,3790000000,0.4348704990524321,-1.1510780705260701
AMWD,2018-10-31,Q2,43255000,616339000,1577116000,853840000,0.2807221350587907,63.236277140665955
FTDR,2018-09-30,Q3,108000000,-439000000,1065000000,979000000,-0.9840546697038725,11.857141767229352
HY,2018-09-30,Q3,35500000,557500000,1752400000,2336700000,0.2547085201793722,-9.69170201996917
CARG,2018-09-30,Q3,47051000,170428000,234044000,328068000,1.104302109981928,-44.04021904312191
AEHR,2018-08-31,Q1,-1515000,18139000,29888000,4740000,-0.33408677435360273,-47.03557120427487
ABMD,2018-09-30,Q2,140193000,792954000,887165000,361788000,0.7071936076998161,-60.407428387248515
MMEX,2018-10-31,Q2,-2118465,-2534964,838599,0,3.342793033747225,-99.94594594594595
NURO,2018-09-30,Q3,2826238,8859725,13038326,12361338,1.2759935551047012,-75.91240877182688
DGTW,2018-08-31,Q2,-4988658,-2208496,108216,184765,9.035394223036855,-99.91666666690921
NNN,2018-09-30,Q3,255915000,4076874000,7358723000,463683000,0.25108943764266445,27.624431840984087
VIRC,2018-10-31,Q3,4835000,63284000,130526000,174180000,0.30560647241008787,-16.666672185615038
GLXZ,2018-09-30,Q3,732043,6745499,20144560,13672650,0.43409271871510174,42.945739256562796
DIOD,2018-09-30,Q3,75397000,907668000,1467784000,899543000,0.33226686409568257,19.285507060250737
V,2018-09-30,FY,10301000000,34006000000,69225000000,20609000000,0.30291713227077577,15.392272529533738
TJX,2018-11-03,Q3,2218260000,5256873000,15025242000,27845594000,1.6878931638637646,5.204931018594746
FMFG,2018-09-30,Q3,3575871,44536954,412184364,13168442,0.32115990689439605,-4.402513546013961
FNEC,2018-09-30,Q3,-27149,-737192,211,0,0.14731033434980303,154.54544469344737
UWN,2018-10-31,Q2,487246,34734357,49114145,29234623,0.056111129392722024,4.958672800657641
EVTC,2018-09-30,Q3,66322000,210853000,928598000,335638000,1.2581656414658553,30.491391817402086
NTLA,2018-09-30,Q3,-66277000,263270000,321233000,22554000,-1.0069814259125613,-50.79247772047295
HMN,2018-09-30,Q3,38600000,1304256000,11280765000,913064000,0.11838166740271848,6.440516822832016
STT,2018-09-30,Q3,2160000000,24553000000,234007000000,8996000000,0.35189182584612877,-30.06666150962079
NRIM,2018-09-30,Q3,15156000,203242000,1502673000,46970000,0.29828480333789276,-3.589618138899578
LSMG,2018-09-30,Q3,-269426,-1069803,249848,0,1.0073854719046405,36.363642521141024
ZUMZ,2018-11-03,Q3,15593000,368772000,556719000,674052000,0.16913431605436421,40.53697742150803
MTD,2018-09-30,Q3,331425000,531615000,2557664000,2117663000,2.493721960441297,13.517640656997113
VRSN,2018-09-30,Q3,400294000,-1401101000,1884628000,907517000,-1.1427984135333569,17.082478944148612
AZO,2018-11-17,Q1,351406000,-1658616000,9523581000,2641733000,-0.8474680094729582,41.30102361851242
BDN,2018-09-30,Q3,14579000,1759979000,3923622000,405142000,0.033134486263756556,-1.8745957132987507
CRNX,2018-09-30,Q3,-18620000,167523000,176683000,1647000,-0.4445956674605875,-44.9618034179216
MSI,2018-09-29,Q3,546000000,-1411000000,8963000000,5089000000,-1.547838412473423,32.76386551220917
ALTX,2018-09-30,FY,-73000,1298000,2389000,64000,-0.05624036979969183,3.9999980131785864
TRMK,2018-09-30,Q3,112896000,1599604000,13439812000,360676000,0.28230987169324406,3.4337330224431737
TDC,2018-09-30,Q3,15000000,560000000,2136000000,1576000000,0.10714285714285714,-17.494656723592673
LADR,2018-09-30,Q3,194829000,1356346000,6425745000,253822000,0.5745702055375251,2.681757074950273
PGRE,2018-09-30,Q3,10398000,4133393000,8941237000,568286000,0.01006243538903753,-11.066665649414062
UVSP,2018-09-30,Q3,32171000,614242000,4801998000,139249000,0.20950049003487226,-2.6809680068024626
INCY,2018-09-30,Q3,40430000,1802899000,2519947000,1353481000,0.08969997764711168,5.81226390255394
TSN,2018-09-29,FY,3027000000,12803000000,29109000000,40052000000,0.23642896196204014,44.77484988501458
TRV,2018-09-30,Q3,1902000000,22460000000,104390000000,22486000000,0.33873552983081034,14.755368379605823
BABB,2018-08-31,Q3,450935,3015757,3919500,1617126,0.5981052186897021,2.9411736347271384
FND,2018-09-27,Q3,98285000,563676000,1131867000,1273109000,0.6974574046083211,66.95964212873771
LPNT,2018-09-30,Q3,23300000,2294400000,6276900000,1557000000,0.04062064156206416,1.0102604334407028
GRPN,2018-09-30,Q3,-47874000,330651000,1403920000,1836819000,-0.579148407233004,-31.007751326691558
CODI,2018-09-30,Q3,4678000,896318000,2437765000,1239150000,0.02087651927106228,9.944449530707464
STRT,2018-09-30,Q1,4429000,166012000,312948000,117159000,0.10671517721610486,-44.86111005147298
APAM,2018-09-30,Q3,206026000,128432000,876302000,637092000,6.4166562850379965,-11.407080561122724
GLDG,2017-09-30,Q1,-3106479,-5039539,0,70211,2.465685055716406,-54.19846946185466
PURE,2018-10-31,Q1,-2566000,1956000,2540000,590000,-5.247443762781186,-50.0
UBOH,2016-03-31,Q1,-198981,2544728,54502108,593319,-0.3127737031226913,12.096773945454137
AX,2018-09-30,Q1,36841000,1000247000,9791520000,122797000,0.14732761008031017,-20.97659665082592
PPL,2018-09-30,Q3,1412000000,11783000000,43042000000,5846000000,0.4793346346431299,7.336955870341501
WWD,2018-09-30,FY,180378000,1538104000,3790649000,2325873000,0.11727295423456412,34.983093161783316
VYGR,2018-09-30,Q3,-65757000,65588000,197064000,5611000,-4.010306763432335,-5.484763506723484
ABVC,2018-09-30,Q3,-795195,-2448709,2594389,0,1.2989620244790214,-69.6969696969697
SECI,2018-09-30,Q2,-645357,-10377614,0,0,0.24874966442189891,-69.06235159833726
THCT,2018-10-31,Q1,-438856,1849641,2511318,0,-0.9490620071678775,82.70402394524096
GMS,2018-10-31,Q2,33562000,641258000,2236252000,1611981000,0.2093509944515312,80.77857875847154
SANW,2018-09-30,Q1,20931,86656980,164242201,26120137,0.000966154140151203,-10.780667497556875
ACOR,2018-09-30,Q3,24087000,598625000,1311085000,402281000,0.16094884109417415,-84.82549254683633
WRK,2018-09-30,FY,1909300000,11469400000,25360500000,16285100000,0.1664690393568975,-31.94029742398326
KOS,2018-09-30,Q3,-279556000,934933000,4329464000,585220000,-1.1960472033824883,-34.37500062088169
LNN,2018-08-31,FY,20277000,276866000,500256000,547705000,0.07323759508209747,-7.841698621777751
ROG,2018-09-30,Q3,63199000,826383000,1269425000,656149000,0.30590658326708076,-6.00699044607736
OPK,2018-09-30,Q3,-76969000,1788643000,2480994000,768412000,-0.1721282558900798,-39.35860398765145
MITK,2018-09-30,FY,-11807000,95394000,127150000,63559000,-0.12377088705788623,39.40740514684607
PWR,2018-09-30,Q3,124899000,3822818000,7191174000,2985281000,0.1306878852197515,12.779930023260654
CVLT,2018-09-30,Q2,-7676000,417145000,810035000,345255000,-0.07360510134365748,-35.515258001303394
TBNK,2018-09-30,Q3,14569000,235835000,2026052000,54694000,0.2471049674560604,-2.7967247727119555
UCBI,2018-09-30,Q3,120974000,1401882000,12405132000,366226000,0.3451759848546454,3.4333240344056186
PBHC,2018-09-30,Q3,2911000,63320000,921615000,25555000,0.18389134554643083,-12.624588359635206
SBT,2018-09-30,Q3,47472000,319443000,3196963000,118770000,0.5944346878785887,-15.77122791022933
CHD,2018-09-30,Q3,425800000,2353400000,5967300000,3071500000,0.7237188748194102,27.052904502848214
MXC,2018-09-30,Q2,36451,8462726,9896036,1463519,0.017228963811424358,-29.226619005820243
AXS,2018-09-30,Q3,230812000,5272272000,24843026000,3843666000,0.17511387879836246,16.841182966264697
IPDN,2018-09-30,Q3,-11279344,2539159,8725645,6326703,-17.768629691957063,-51.379313094720736
HNRG,2018-09-30,Q3,5023000,253385000,526036000,202764000,0.07929435444087062,-42.959999084472656
PENN,2018-09-30,Q3,135550000,70456000,5083842000,2432649000,7.695583058930397,-44.274809160305345
EGRX,2018-09-30,Q3,19313000,194065000,268788000,157258000,0.3980728106562234,-16.68389560267314
COHU,2018-09-29,Q3,24573000,309007000,443006000,281131000,0.3180898814589961,-46.865079611367136
EOG,2018-09-30,Q3,2526272000,18538470000,33637736000,12700863000,0.5450874856447161,-42.095914606404214
SFIX,2018-10-27,Q1,10678000,333503000,550792000,366236000,0.12807081195671402,-1.4078681488964033
APD,2018-09-30,FY,1532900000.0,10857500000.0,19178300000.0,8930200000.0,0.14118351370020724,30.472765811665305
CRAI,2018-09-29,Q3,15633000,200263000,354647000,308885000,0.31224939204945495,-14.452258546148714
VNUE,2018-09-30,Q3,-915293,-2705241,534045,35194,1.353362602444662,-93.70574386036054
DAKT,2018-10-27,Q2,13180000,204737000,373686000,326880000,0.2575010867600873,-4.087195974091242
ALKM,2016-09-30,Q3,-2115207,-4912790,156794,171861,1.7222042871769403,100.0
CSGS,2018-09-30,Q3,45232000,358419000,947309000,627792000,0.504794667693398,30.088716609191575
BLMN,2018-09-30,Q3,97113000,50354000,2350794000,3113300000,7.714421892997577,-4.236855116085385
MRSN,2018-09-30,Q3,-41825000,29854000,94378000,9405000,-5.603939170630401,-83.6269419132269
CNA,2018-09-30,Q3,897000000,11510000000,57259000000,7731000000,0.3117289313640313,7.8245521724394544
IAC,2018-09-30,Q3,540270000,2600482000,6372347000,3158789000,0.8310305551047844,4.536169212585399
KMB,2018-09-30,Q3,1024000000,-133000000,14583000000,13917000000,-30.796992481203006,25.05281643199674
NHC,2018-09-30,Q3,40563000,720023000,1084668000,731429000,0.22534280154939496,10.223903282244997
NODK,2018-09-30,Q3,16285000,269392000,490882000,155347000,0.24180376551642216,1.0077063890749065
FFBC,2018-09-30,Q3,117581000,2035520000,13842667000,386953000,0.23105840276686054,-14.712962063235851
CMP,2018-09-30,Q3,17800000,531200000,2353000000,1007100000,0.13403614457831325,-16.522772288921693
ESRT,2018-09-30,Q3,77472000,1201546000,4166832000,532202000,0.2579077288759648,-13.239775493769404
VCTR,2018-09-30,Q3,49789000,441894000,786201000,317445000,0.45068726889253985,66.07329151746157
LCTC,2018-09-30,Q3,147493,6086699,8209283,6386917,0.09692807217836795,11.31725693181025
NUVR,2018-09-30,Q3,6255293,73194278,156331867,40535374,0.3418460115147252,6.020940290901618
HWBK,2018-09-30,Q3,8095000,94872000,1451664000,42583000,0.3413019647525086,3.485838956212422
NAUH,2018-08-31,Q1,-4937000,11774000,45600000,16035000,-1.677254968574826,-95.45454553151427
TPB,2018-09-30,Q3,20305000,76989000,336331000,238392000,1.0549559027913078,-43.74692027986844
RL,2018-09-29,Q2,279300000,3462000000,6155500000,3081500000,0.32270363951473136,-30.419376723993025
VRTC,2018-06-30,FY,-18210,-4461189,151485,498481,0.004081871447275603,0.0
FDS,2018-08-31,FY,267085000,525900000,1419448000,1350145000,0.5078627115421183,18.614585231203016
A,2018-10-31,FY,316000000,4567000000,8541000000,4914000000,0.06919202977884827,17.487269132511123
ICFI,2018-09-30,Q3,42705000,650673000,1176044000,960063000,0.2625281823588807,15.677906607601608
FCPT,2018-09-30,Q3,61595000,685078000,1236178000,105600000,0.35963788065008656,10.667723508143986
BRKR,2018-09-30,Q3,103100000,816900000,1889100000,1342000000,0.504835353164402,30.80094041950438
IDEX,2017-12-31,FY,-10192869,31411979,63039616,144338805,-0.32448987056816764,-74.84536082474227
EPAM,2018-09-30,Q3,180291000,1195935000,1503982000,1337981000,0.6030127055400168,30.667247848591423
GNRC,2018-09-30,Q3,164523000,698163000,2332673000,1452098000,0.9426050936529149,39.59992612358498
KRC,2018-09-30,Q3,111036000,3804758000,7562236000,556456000,0.11673383694836834,8.903249612128691
UBOH,2016-09-30,Q3,-1842,2763762,55950882,1973879,-0.0026659314369327025,12.556279427818303
CKX,2018-09-30,Q3,1074464,15156926,15522343,998423,0.28355723317511744,1.6831690086451991
KAI,2018-09-29,Q3,42478000,356961000,741762000,469851000,0.47599597715156555,-18.865471978036183
SEAS,2018-09-30,Q3,55841000,373336000,2211977000,1092262000,0.5982921550560353,-12.26666768391927
MATW,2018-09-30,FY,107111000,868351000,2375485000,1602580000,0.12334988961836861,-26.569846647451435
LE,2018-11-02,Q3,-4621000,304206000,1148718000,949340000,-0.06076145769642939,-34.16148814126658
AGIO,2018-09-30,Q3,-254234000,760213000,929079000,64374000,-1.337698776527105,-54.98497149818462
CECO,2018-09-30,Q3,41110000,339647000,461353000,435791000,0.48414972015062696,-8.407641470449185
SDON,2018-09-30,Q3,-16959,-24338,218,0,2.7872462815350483,-20.000002980232196
RBB,2018-09-30,Q3,26614000,294998000,2136839000,66933000,0.3608702431880894,-19.569629959639016
LSCC,2018-09-29,Q3,-19201000,261126000,632327000,302822000,-0.29412620727158534,128.08988683779467
CBRL,2018-11-02,Q1,47207000,600178000,1559597000,733543000,0.3146199960678332,-3.7706744405761765
RLI,2018-09-30,Q3,84839000,871856000,3073522000,645852000,0.38923400194527535,22.168074600848602
TCNT,2017-11-30,Q3,-9165,-25751,51727,0,1.423634033629762,0.0
GD,2018-09-30,Q3,2436000000,12755000000,46963000000,25815000000,0.7639357114856918,-10.93917067033531
CNBX,2018-08-31,FY,-3776617,2645523,3184905,9601,-1.4275502424284348,-71.42856993143745
SIF,2018-09-30,FY,-7170000,44189000,102237000,111212000,-0.16225757541469596,-47.470814828448546
SSY,2018-09-30,Q1,-880000,16307000,25713000,12052000,-0.21585822039614888,-2.898547970379774
BICX,2018-09-30,Q3,-4109846,-4829910,587573,324982,3.4036625941270127,-68.49999904632568
GBR,2018-09-30,Q3,-429000,378000,3818000,544000,-4.5396825396825395,-39.71630893874393
VMC,2018-09-30,Q3,391783000,5145789000,9875635000,3294822000,0.3045464942305252,32.73957508593601
LMT,2018-09-30,Q3,3793000000,943000000,45495000000,39351000000,16.089077412513255,11.479321496328822
FI,2018-09-30,Q3,-74835000,1049183000,1172402000,376640000,-0.2853077108569239,25.855515940971152
BRO,2018-09-30,Q3,270803000,2939408000,5802806000,1505498000,0.3685136598934207,21.322037001787606
LMAT,2018-09-30,Q3,16918000,125347000,144327000,77179000,0.5398773006134969,-8.890683357478737
WWW,2018-09-29,Q3,161000000,1056300000,2269100000,1659600000,0.6096752816434725,-25.895892589778345
TCBI,2018-09-30,Q3,228933000,2426442000,27127107000,842475000,0.3773970282413509,-32.37977659138025
TGLS,2018-09-30,Q3,12901000,146274000,490574000,273121000,0.3527899695092771,-19.658976786879048
AMPH,2018-09-30,Q3,-8378000,319416000,480642000,204976000,-0.10491647256242642,4.984418863261822
TAUG,2018-09-30,Q2,-98764,431298,763340,0,-0.9159699326219922,107.46888242605124
KR,2018-11-10,Q3,2827000000,7652000000,38141000000,93071000000,1.4777835859905908,-13.866752518633435
VIDE,2018-08-31,Q2,49000,4634000,8230000,7342000,0.04229607250755287,50.0
CBDY,2018-09-30,Q3,-2454896,1436237,5171528,263,-6.837022023523973,-46.9777309024162
BLCM,2018-09-30,Q3,-70816000,92457000,143972000,808000,-3.0637377375428576,-82.67973815469507
BKU,2018-09-30,Q3,272463000,3074888000,31513636000,1034348000,0.35443632418481585,-2.718170936198726
CNO,2018-09-30,Q3,-343300000,3619900000,31647200000,3535300000,-0.3793474957871764,-24.182078447467063
TPH,2018-09-30,Q3,170529000,1960397000,3877104000,2130050000,0.3479478901467407,20.846909407849783
PCTL,2018-09-30,Q3,-2139456,2731614,5084860,153337,-3.1328818786256036,-98.61176469257958
BKYI,2018-09-30,Q3,-5488772,11790782,13001906,2329346,-1.862055290310685,-55.39568487917762
MBI,2018-09-30,Q3,-289000000,1108000000,8361000000,190000000,-1.0433212996389891,-14.325316827892278
SANM,2018-09-29,FY,-95533000,1472844000,4085133000,7110130000,-0.06486294543074488,18.56773256170086
VERI,2018-09-30,Q3,-43319000,74227000,134066000,16101000,-2.3344066175380926,-61.46596865696995
HIG,2018-09-30,Q3,124000000,1769000000,159103000000,473000000,0.28038439796495196,22.34365705246116
BGFV,2018-09-30,Q3,1558000,180530000,441084000,740480000,0.03452057829723592,-55.684009114480325
REFR,2018-09-30,Q3,-2051960,3730477,4599466,1117849,-2.200211930002517,108.58896351617966
AMP,2018-09-30,Q3,652000000,3539000000,118606000000,2959000000,0.7369313365357446,-0.8667664644567002
SNAP,2018-09-30,Q3,-325148000,2384092000,2783776000,297695000,-0.5455292832659142,91.62680760361368
ARKR,2018-09-29,FY,4655000,42296000,84737000,159990000,0.11005768867032344,-12.585911592590998
CVLY,2018-09-30,Q3,15197000,173597000,1800771000,59223000,0.35016734160152535,-26.200450123819223
PCYN,2018-09-30,Q1,87280,2119053,2434809,1090626,0.16475284006582186,12.244898207432918
HOV,2018-10-31,FY,4520000,-453504000,1662042000,1991233000,-0.009966836014676827,-31.150687230776438
CALM,2018-09-01,Q1,12743000,962877000,1152095000,340583000,0.05293718720044201,-17.935223353606826
SENEA,2018-09-29,Q2,361000,409781000,1121900000,564753000,0.0035238334622639898,-4.534080288762329
NTAP,2018-10-26,Q2,524000000,1530000000,8551000000,2991000000,1.3699346405228758,-22.013368755876478
BKE,2018-11-03,Q3,54473000,412850000,559095000,621084000,0.5277752210245852,-5.50581707177761
PBI,2018-09-30,Q3,178680000,251666000,5913935000,2575240000,2.8399545429259416,-35.57142530168806
SXT,2018-09-30,Q3,124510000,846169000,1840907000,1062252000,0.5885821863008454,-12.194484499097308
DPZ,2018-09-09,Q3,250330000,-2973758000,912114000,2350732000,-0.33671872425395744,-19.20824865894783
OPGN,2018-09-30,Q3,-9635722,4029551,9222886,2187348,-9.565057744646984,-81.809044842744
EXLS,2018-09-30,Q3,52869000,574206000,1045137000,648209000,0.36829291229976696,0.7150453622816219
PUMP,2018-09-30,Q3,122084000,539219000,939718000,1279148000,0.9056357435476123,-46.3631000788431
EACO,2018-08-31,FY,6949000,41886000,76299000,193284000,0.16590268824905696,39.64285169328962
WTTR,2018-09-30,Q3,72421000,861340000,1438785000,1166612000,0.3363178303573502,-25.55555401591039
VGZ,2018-09-30,Q3,-4933000,24827000,25779000,0,-0.7947798767470898,53.999996185302734
COSM,2018-09-30,Q3,933935,3275486,19506331,29330684,1.1405147205636048,-21.428568995728675
GTY,2018-09-30,Q3,34516000,572192000,1130247000,101052000,0.241289637044908,14.25517456692615
FELE,2018-09-30,Q3,81186000,734550000,1192151000,981466000,0.4420992444353686,2.53001784008959
LXRX,2018-09-30,Q3,-104293000,-29401000,310192000,45816000,14.189041189075201,-67.2692675327711
NVCR,2018-09-30,Q3,-11694000,114936000,315512000,64756000,-0.4069743161411568,39.566712147737675
EGHT,2018-09-30,Q2,-36837000,239363000,309632000,168907000,-0.6155838621675029,4.046806018740375
UCTT,2018-09-28,Q3,37261000,434778000,986632000,839134000,0.34280483373123755,15.458163752184806
PSTG,2018-10-31,Q3,-152607000,702328000,1811366000,937608000,-0.8691494572336572,-3.865216426411315
SHO,2018-11-03,Q3,-23195000,150225000,392891000,1151428000,-0.61760692294891,-6.657698579268967
ANIK,2018-09-30,Q3,11004000,255265000,269264000,78599000,0.17243257007423657,28.971293854988023
TCBK,2018-09-30,Q3,45109000,802115000,6318865000,160153000,0.22495028767695405,-2.8289333833950825
USEG,2018-09-30,Q3,-950000,9797000,15242000,4350000,-0.38787383893028476,-52.941173720662235
SAM,2018-09-29,Q3,70852000,434546000,623704000,770427000,0.6521933236067068,22.05164012291218
GRBK,2018-09-30,Q3,47607000,455686000,771016000,433267000,0.4178930228271222,3.363008547318142
LIXT,2018-09-30,Q3,-1784539,-14108,444925,0,505.9651261695492,37.5
SLM,2018-09-30,Q3,339964000,2840335000,25691183000,1397139000,0.4787660610456161,-18.73873740741842
TAST,2018-09-30,Q3,8297000,181858000,600082000,871553000,0.18249403380659635,-42.99719540940712
DLYT,2018-09-30,Q3,-2024561,-4364975,554290,915836,1.8552784380208363,-98.23529404752395
DLTH,2018-10-28,Q3,2693000,139215000,324517000,317561000,0.07737671946270158,-67.49301460187294
IESC,2018-09-30,FY,-13803000,220407000,421994000,876828000,-0.06262505274333392,6.8749981373549245
CCOB,2018-08-31,Q3,-113010,-108991,614693,0,4.147498417300511,-79.47368352944831
NROM,2018-09-30,Q3,252420,11459965,19136323,9404514,0.0881049811234153,-16.66666997803569
FLEX,2018-09-28,Q2,202920000,3169547000,14726204000,13134560000,0.2560870685937139,-20.884144779101913
LAD,2018-09-30,Q3,205828000,1205142000,5174569000,8848168000,0.6831659671640354,60.97650589769161
DXCM,2018-09-30,Q3,52600000,562200000,1114300000,693600000,0.3742440412664532,11.018905407487905
HALO,2018-09-30,Q3,-78204000,239738000,444507000,17553000,-1.3048244333397292,-18.059296849471217
TSQ,2018-09-30,Q3,-15265000,359493000,1011530000,321641000,-0.1698503169741831,-10.013003578634942
EGAN,2018-09-30,Q1,604000,-3761000,49422000,15701000,-0.6423823451209785,-4.698799209162719
INFN,2018-09-29,Q3,-80828000,704317000,1247398000,611321000,-0.45904330010492433,-9.385112294768087
TLYS,2018-11-03,Q3,16266000,183495000,292691000,427866000,0.3545818687157688,-37.73245310777115
ON,2018-09-28,Q3,463900000,3179100000,7409800000,4375200000,0.5836872070711837,1.3564839710273437
VVC,2018-09-30,Q3,136100000,1874800000,6480500000,1967900000,0.29037764028163005,0.0
FLXT,2018-09-30,Q3,-384458,2187520,4974642,202630,-0.7030024868344061,96.9999939650298
ENGT,2018-09-30,Q3,-129466,-5075728,3953537,2592772,0.10202753181415553,94.99998994171635
ARTNA,2018-09-30,Q3,11333000,150085000,520663000,61068000,0.3020421761002099,3.108528405572952
IRBT,2018-09-29,Q3,62801000,503578000,691603000,707919000,0.4988383130319434,-45.618463135070414
CVR,2018-09-30,Q3,1698629,29660081,33429663,28660474,0.22907948228462358,-18.553848266601562
ARTH,2018-09-30,FY,-4814032,1359828,4839965,0,-3.5401771400500652,-42.5
MRO,2018-09-30,Q3,706000000,12044000000,21778000000,4522000000,0.23447359681169047,-48.8684011014978
EHC,2018-09-30,Q3,327700000,1318500000,5131900000,3181300000,0.9941600303375048,-20.76697367199222
TSSI,2018-09-30,Q3,1050000,923000,9311000,16587000,4.550379198266522,4.819279790599543
SOTK,2018-08-31,Q2,80554,8489473,11881083,5518591,0.037954770572920134,0.0
MOD,2018-09-30,Q2,61200000,516600000,1556100000,1115000000,0.4738675958188153,-24.73045848085081
MWA,2018-09-30,FY,105600000.0,563300000.0,1291900000.0,916000000.0,0.18746671400674597,-1.2313134980816216
THG,2018-09-30,Q3,267400000,2982400000,15624300000,3391500000,0.358637339055794,12.994540801462588
ITOX,2018-09-30,Q3,-933121,-354672,244458,162559,10.52376280055939,-72.72727223467237
BMI,2018-09-30,Q3,16551000,295230000,401320000,329319000,0.2242455035057413,2.8451436105713372
KFRC,2018-09-30,Q3,41624000,163947000,391652000,1060369000,1.0155477074908354,3.64725120133367
TDOC,2018-09-30,Q3,-72205000,1027771000,1535182000,295166000,-0.28101590724003694,-20.54467788682178
FRT,2018-09-30,Q3,192644000,2311771000,6285664000,680060000,0.3333271331805789,9.14321815927568
SCSC,2018-09-30,Q1,14322000,877897000,2021399000,972900000,0.06525594688215132,-21.10852472686531
GPMT,2018-09-30,Q3,46378000,825650000,2934936000,131046000,0.22468600496578453,0.9646318684227903
VASO,2018-09-30,Q3,-2895000,6443000,50348000,54741000,-1.7972993946919138,-50.0
AE,2018-09-30,Q3,6793000,151267000,313312000,1307564000,0.17962939702644992,-27.251405014573503
QTRX,2018-09-30,Q3,-22202000,47688000,71193000,26755000,-1.8622714309679584,4.423077452112252
WKHS,2018-09-30,Q3,-18812656,1990862,14165228,741910,-37.79801111277427,224.77062875680133
ADMA,2018-09-30,Q3,-47705458,37206214,106345100,12928866,-5.128762415869564,-20.683761673034954
UBCP,2018-09-30,Q3,3691000,45112000,525279000,15255000,0.32727433942188333,-13.980136763743767
CTHR,2018-09-30,Q1,109903,34001763,39712804,6594706,0.012929094294316445,77.27272173097307
STBZ,2018-09-30,Q3,54087000,664177000,4924077000,190873000,0.32573847031740033,-28.153075871093442
HBB,2018-09-30,Q3,6752000,54450000,378923000,501475000,0.49601469237832874,-27.338784435134645
NSC,2018-09-30,Q3,1964000000,15480000000,36322000000,8562000000,0.5074935400516796,-1.9409064192390624
CRMZ,2018-09-30,Q3,-353419,3301076,13262529,10331106,-0.42824703217981047,-41.73554040623372
RGLD,2018-09-30,Q1,11976000,2103221000,2672866000,99992000,0.02277649376836766,63.294747572303166
CLX,2018-09-30,Q1,210000000,677000000,5058000000,1563000000,1.240768094534712,1.4957123642552983
CHCO,2018-09-30,Q3,59283000,512026000,4420802000,119553000,0.4631249194376848,2.084992870113261
HLT,2018-09-30,Q3,544000000,574000000,14143000000,6618000000,3.7909407665505226,16.660285317361986
SMSI,2018-09-30,Q3,-5541000,3138000,20926000,18933000,-7.0630975143403445,92.16417787626877
WY,2018-09-30,Q3,841000000,9057000000,17427000000,5840000000,0.37142541680468144,-12.802007581635804
NTFL,2018-09-30,Q3,-1554233,1017263,2108418,2870462,-6.111430377395029,-74.94305355159743
FOSL,2018-09-29,Q3,-48820000,526785000,1469531000,1754566000,-0.3707015195952808,-42.354595976675235
HIVE,2018-09-30,Q3,-12582000,20837000,141959000,83151000,-2.4153189038729184,-65.95744491972599
VLY,2018-09-30,Q3,184326000,3302936000,30881948000,844654000,0.2232268502931937,-2.3255833791119738
RCUS,2018-09-30,Q3,-37299000,245121000,286721000,6791000,-0.608662660481966,-29.7931013436153
FKYS,2018-09-30,Q3,6849000,112810000,1013780000,26177000,0.2428508110983069,-11.591358249526161
IVFH,2018-09-30,Q3,927492,9373670,14037412,34960037,0.3957860688503009,-14.179108394602311
ACUR,2018-09-30,Q3,-3850000,-3669000,2282000,347000,4.1973289724720635,58.227842388022864
IT,2018-09-30,Q3,38436000,941548000,5944817000,2886575000,0.16328854184810546,-10.216716833537674
THST,2018-09-30,Q1,1629000,11376000,19903000,1598000,0.5727848101265823,-31.578949019519264
EQR,2018-09-30,Q3,562804000,10235424000,20542150000,1925691000,0.2199435997961589,30.602663240909912
BAX,2018-09-30,Q3,1276000000,9130000000,16847000000,8286000000,0.5590361445783133,10.449867525081387
KE,2018-09-30,Q1,5069000,358884000,662876000,265620000,0.05649736405077964,-23.029047592996353
FLWS,2018-09-30,Q1,-17266000,295984000,540605000,169496000,-0.23333693713173684,26.973119534931158
MRBK,2018-09-30,Q3,5799000,107018000,959829000,32177000,0.2167485843502962,1.8561467463607977
PSA,2018-09-30,Q3,1129317000,8895091000,10747940000,2061820000,0.5078383121656653,23.00315854401784
UNB,2018-09-30,Q3,7508000,60777000,779658000,23609000,0.49413429422314364,-40.88026595597475
AGX,2018-10-31,Q3,54160000,399617000,500769000,394495000,0.5421190790181599,-12.925939499179304
CRTG,2018-09-30,Q3,-808041,-1233881,1470257,0,2.619510309341014,-43.33333664470236
UNF,2018-08-25,FY,163895000,1464967000,1843386000,1696489000,0.1118762402156499,6.29801000620743
BG,2018-09-30,Q3,345000000,6280000000,21446000000,34200000000,0.2197452229299363,-16.373316957387107
INIS,2018-09-30,Q3,-501868,-1419906,12896763,7874092,1.4138062660485975,0.0
FBP,2018-09-30,Q3,100503000,1927415000,12209700000,462543000,0.20857573485730888,10.299007006390886
SEM,2018-09-30,Q3,113167000,774592000,5980181000,3816575000,0.5843953978352474,-9.455751348015198
NSYS,2018-09-30,Q3,362000,21283000,57381000,84543000,0.06803552130808627,-25.91687387902467
ALPP,2018-09-30,Q3,-4112998,-7776420,22438724,13508473,2.1156254420414533,-84.3478270446871
EWBC,2018-09-30,Q3,530683000,4244850000,39073106000,1194369000,0.5000723229324947,-26.815182193345226
LDOS,2018-09-28,Q3,394000000,3454000000,8908000000,7547000000,0.45628257093225244,22.932319463780235
AVY,2018-09-29,Q3,370300000,1047100000,5181900000,5390300000,1.4145735841848917,3.3812906939211698
NKSH,2018-09-30,Q3,11588000,188157000,1258289000,32155000,0.24634746514878533,-12.068589746976313
ALG,2018-09-30,Q3,56897000,496892000,734773000,752784000,0.45802307141189635,30.594780662745464
TPX,2018-09-30,Q3,85400000,209500000,2808700000,2026800000,1.6305489260143198,49.188649472569736
TECH,2018-09-30,Q3,-570875,76537,84587,38950,-29.835243085043835,-3.1746816112951577
OUT,2018-09-30,Q3,50700000.0,1081400000.0,3816000000.0,1153800000.0,0.18753467727020529,37.267705339828986
HLF,2018-09-30,Q3,247700000,-761100000,2734800000,3705200000,-1.3018000262777558,-30.12224360986025
VVI,2018-09-30,Q3,52093000,463368000,968190000,999268000,0.44969009512957303,13.460876546258904
AFTM,2017-12-31,Q2,-2495862,-9958141,1400337,460462,1.0025413377858376,-80.9705044199099
NOW,2018-09-30,Q3,-33719000,1020184000,3581442000,1893375000,-0.13220752334872926,28.59564961818528
KSS,2018-11-03,Q3,529000000,5453000000,14118000000,13406000000,0.3880432789290299,-34.22979525285953
AC,2018-09-30,Q3,-16731000,923825000,1020989000,14165000,-0.07244229155954862,-14.735576728127416
PDEX,2018-09-30,Q1,1349000,17727000,25194000,6916000,0.30439442658092175,46.89320227441136
CPRT,2018-07-31,FY,418007000,1581099000,2307698000,1805695000,0.26437749944816863,35.59853724072488
ALPN,2018-09-30,Q3,-25352000,54984000,64508000,705000,-1.8443183471555362,-32.081912484760124
KMI,2018-09-30,Q3,1417000000,33487000000,79063000000,10363000000,0.1692597127243408,13.696368148075718
GSRX,2018-09-30,Q3,-14057337,8719834,9518355,1020026,-6.448442481817888,-86.11111145604539
VTR,2018-09-30,Q3,352679000,10452839000,22597953000,2822547000,0.13496008117985936,36.439425991939665
PFGC,2018-09-29,Q1,28200000,1165300000,4086900000,4539700000,0.09679910752595898,42.10361260393085
IBKR,2018-09-30,Q3,835000000,1243000000,62062000000,1732000000,2.687047465808528,-3.4538876559912857
ETR,2018-09-30,Q3,924877000,8412712000,48471172000,8496970000,0.4397521274946771,45.69125576804446
NNUP,2018-09-30,Q3,1544400,1855700,2493500,2860500,3.328986366330765,-14.893615537231566
MU,2018-08-30,FY,14138000000,32294000000,43376000000,30391000000,0.4377903016040131,-15.333586827060374
ZION,2018-09-30,Q3,223000000,7553000000,66731000000,631000000,0.11809876870117834,-10.510387566164644
SFNC,2018-09-30,Q3,160067000,2183319000,16281264000,502391000,0.2932544442658173,-12.143353510480496
BNGO,2018-09-30,Q3,-12084936,15235022,30669804,7987198,-3.1729356216223383,-91.23036691694875
FIX,2018-09-30,Q3,87747000,492767000,1059940000,1594520000,0.7122798401678684,-20.184318671564423
STRO,2018-09-30,Q3,-33824000,-141434000,145026000,19333000,0.9566016657946462,-36.313992036526315
ELF,2018-09-30,Q3,5853000,213621000,414331000,188864000,0.10959596668866825,35.52631676070791
FF,2018-09-30,Q3,51322000,397848000,483205000,225505000,0.5159960587963243,-35.756918304212896
GSPH,2018-09-30,Q3,-934564,-3257202,342563,700122,1.1476893358164462,-19.248820543315244
ZBRA,2018-09-29,Q3,306000000,1213000000,4400000000,3081000000,1.0090684253915911,16.732099444666407
ATKR,2018-09-30,FY,136645000,122059000,1324060000,1835139000,1.1194995862656585,15.978384461711762
FNKO,2018-09-30,Q3,11194000,146980000,648765000,452849000,0.30464008708667845,-6.302522766859399
GMER,2018-09-30,Q3,-746750,-1280112,749556,111470,2.333389578411889,-69.33333196739353
BMRC,2018-09-30,Q3,22960000,308603000,2545715000,70063000,0.2975991808245545,1.0633122652285745
NEXT,2018-09-30,Q3,-30362000,90247000,184689000,0,-1.3457289438984121,1.2820544170753114
USLM,2018-09-30,Q3,15454000,219293000,246015000,109801000,0.2818877027538499,-3.1514209088030274
VSPC,2018-09-30,Q3,-632000,-848000,64000,98000,2.981132075471698,171.42858568350928
NR,2018-09-30,Q3,21712000,560151000,928321000,698884000,0.15504390780343158,-26.59574428837635
WAB,2018-09-30,Q3,260521000,2895170000,8553226000,3245671000,0.35993879461309697,-30.755916834466134
IINX,2018-09-30,Q1,177153,567646,1577202,2568888,1.2483343492246928,-11.059913378248314
MTG,2018-09-30,Q3,512351000,3489531000,5657108000,838215000,0.5873007002946814,-2.8985516734729626
PCH,2018-09-30,Q3,121081000,1179069000,2413071000,757329000,0.4107681569102402,1.6704017919471181
AIRI,2018-09-30,Q3,-4413000,17239000,63012000,35200000,-1.023957306108243,-7.142857142857142
ASPN,2018-09-30,Q3,-20332000,83493000,109033000,68682000,-0.9740696824883524,27.956982521201052
PLPC,2018-09-30,Q3,21318000,246405000,363969000,315467000,0.34606440616058926,-24.948256556520683
HAS,2018-09-30,Q3,211668000,1887281000,5495329000,3190485000,0.44861999882370457,12.423121345556918
AP,2018-09-30,Q3,-7767000,146815000,536045000,354720000,-0.2116132547764193,-33.45008884536764
COR,2018-09-30,Q3,80865000,263785000,1818220000,405246000,1.2262259036715506,-12.77077094212867
FMCC,2018-09-30,Q3,8135000000,5600000000,2063457000000,52080000000,5.810714285714286,146.80851783366785
III,2018-09-30,Q3,6529000,76510000,212557000,207868000,0.3413410011763168,-44.933920242157654
ESND,2018-09-30,Q3,-56032000,433167000,1791065000,3788907000,-0.5174170700907502,0.3134793192439665
DKGH,2018-06-30,Q2,592765,1374653,1705123,1047405,1.7248425602679367,-93.45549726782913
MMM,2018-09-30,Q3,4014000000,10248000000,37275000000,24820000000,1.5667447306791569,-22.461003399663053
BSVN,2018-09-30,Q3,19438000,82765000,751173000,34216000,0.9394309188666707,-0.42060947308442337
BSPK,2018-08-31,FY,-7609558,-427540,219787,15919,17.798470318566682,-97.68421050400762
BIEI,2018-09-30,Q3,102783,-2243752,228149,30709,-0.1832341542202525,-94.43548384431699
USRM,2018-09-30,Q3,-1714630,-7038939,2066696,5037242,0.9743684381978591,-75.84905692869211
LTUM,2018-09-30,Q3,-74184,555247,1002222,0,-0.5344216177665075,-63.00577708568246
DHR,2018-09-28,Q3,1904100000,27673400000,47719500000,14529500000,0.27522458389644927,30.277928215262655
BTCS,2018-09-30,Q3,-606472,-93045,33964,0,26.072201622870654,-86.93693748117218
XPO,2018-09-30,Q3,353400000,4181500000,12676100000,12890100000,0.33806050460361114,-37.72402226835902
CEVA,2018-09-30,Q3,-1729000,244388000,275251000,56476000,-0.028299261829549734,2.5570136747140215
CIZN,2018-09-30,Q3,4957321,79794502,962967946,23265686,0.24850438943775852,-16.666666666666664
ATRI,2018-09-30,Q3,26506000,205157000,227743000,117522000,0.5167944549783824,13.191459105186857
FCCO,2018-09-30,Q3,8543000,108186000,1091142000,29135000,0.3158634204055978,-20.791665712992348
TKLS,2018-09-30,Q3,-2007057,-1639777,731905,1130798,4.8959267022284125,-22.22222148636239
AGR,2018-09-30,Q3,482000000,15128000000,31755000000,4813000000,0.1274457958751983,9.678774946401623
INOD,2018-09-30,Q3,-45000,30206000,46108000,42439000,-0.00595908097728928,-8.904109029793176
PSX,2018-09-30,Q3,3557000000,23319000000,55884000000,82363000000,0.6101462326857927,-9.451432020917123
GES,2018-11-03,Q3,-8069000,816898000,1624146000,1710788000,-0.03951044071597678,-24.29701507484206
IRM,2018-09-30,Q3,205718000,1937386000,11805969000,3164272000,0.4247331197809832,-6.399071246625939
AMPY,2018-09-30,Q3,-24638000,371579000,841267000,264442000,-0.26522489161120516,-29.171273897049332
WABC,2018-09-30,Q3,52509000,592591000,5529463000,106342000,0.35443670254863807,5.694071821700435
EFR,2018-09-30,Q3,-17582000,140967000,196781000,28678000,-0.4988969049493853,-8.008505612586394
YEXT,2018-10-31,Q3,-63998000,71870000,186262000,164933000,-3.5618756087379992,-15.5567111235048
ZEUS,2018-09-30,Q3,35076000,308347000,789267000,1285491000,0.45501983155341225,-28.769153863168334
AXTI,2018-09-30,Q3,11888000,191125000,220449000,80165000,0.2488005232177894,-48.652485281964964
PLSE,2018-09-30,Q3,-28592000,28074000,32726000,0,-4.07380494407637,9.761238522924549
LIVE,2018-09-30,FY,5922719,39448589,141523694,199633341,0.15013766398590328,-3.033702423168672
WPS,2018-09-30,Q3,149500000,1796900000,5006700000,1122900000,0.33279536980355057,4.017371162069235
NFLX,2018-09-30,Q3,402835000,5009653000,23366229000,3999374000,0.3216470282472658,-31.027975873967033
LOB,2018-09-30,Q3,40958000,477230000,3444757000,117889000,0.3432977809441988,-30.45298766881342
PKE,2018-08-26,Q2,5868000,138197000,173096000,21604000,0.16984449734798873,-21.933090707720275
VZ,2018-09-30,Q3,13974000000,56087000000,265562000000,96582000000,0.9965945762832742,11.998512381434583
ONB,2018-09-30,Q3,143332000,2220680000,17567759000,456811000,0.25817677468162903,-8.99111023947147
SITE,2018-09-30,Q3,76000000,304100000,1210700000,1637700000,0.9996711608023676,-0.38266883463680557
PLRM,2018-09-30,Q3,935000,34508000,265062000,7901000,0.10838066535296163,2.9596406726115503
FET,2018-09-30,Q3,9663000,1420751000,2169508000,791271000,0.027205330138778717,-85.36355073024976
SMTC,2018-10-28,Q3,49716000,692937000,1084384000,467190000,0.2869871287000117,15.653989256035816
VVV,2018-09-30,FY,166000000,-358000000,1854000000,2285000000,-0.46368715083798884,5.192307515962583
MUX,2018-09-30,Q3,-23881000,494656000,620646000,102360000,-0.1931119808513391,-13.541668115390614
CMS,2018-09-30,Q3,550000000,4749000000,23913000000,5044000000,0.4632554221941461,31.033785333976173
LFER,2018-08-31,Q1,-1252659,670880,3877611,1354134,-7.468751490579537,-71.16909194266407
PGR,2018-09-30,Q3,2361200000,11858800000,45543700000,576500000,0.7964380881708099,9.052336353796731
SBCF,2018-09-30,Q3,51313000,732831000,5930934000,171340000,0.2800809463573457,-11.250434152689408
CAAS,2018-09-30,Q3,5406000,288431000,681936000,371884000,0.07497113694436451,-42.73504285115474
CWI,2018-09-30,Q3,19877000,724864000,2310202000,457925000,0.10968678262405086,-3.9150216549312735
PRKA,2018-09-30,FY,1011192,7809500,9674405,6046758,0.12948229720212562,26.66666004392862
BPOP,2018-09-30,Q3,511755000,5244349000,47919428000,1462293000,0.390328713821296,6.920960313648215
ORMP,2018-08-31,FY,-12727000,31112000,47397000,2449000,-0.4090704551298534,-32.92929169353492
BLNK,2018-09-30,Q3,-1164630,17446867,23936439,1767182,-0.2670118365664162,9.745763953271169
UVE,2018-09-30,Q3,123519000,531024000,1723269000,607443000,0.9304212238994848,-38.25923603023381
XYL,2018-09-30,Q3,324000000,2617000000,7326000000,3821000000,0.49522353840275124,-0.6324431300726627
ICLD,2018-09-30,Q3,1411000,-31045000,9928000,7659000,-0.1818006120148172,-79.99999860301611
VERU,2018-09-30,FY,-23938389,29481418,48452639,15864483,-0.8119822798211402,59.54198514961585
DLR,2018-09-30,Q3,288518000,10026254000,21462110000,2268211000,0.11510500332427245,15.768196379650176
AVB,2018-09-30,Q3,588540000,10397398000,18662119000,1706015000,0.22641818655013496,19.06534578715923
BWA,2018-09-30,Q3,700700000,4066400000,9716400000,7956800000,0.6892583120204604,-14.577463785807291
CVGI,2018-09-30,Q3,35631000,105315000,414970000,674135000,1.353311494089161,-21.07573734154324
EFX,2018-09-30,Q3,279600000,3184500000,7134000000,2576800000,0.35120113047574186,8.043432076218583
ESNT,2018-09-30,Q3,338835000,2215139000,2993423000,526229000,0.6118532516469621,10.892444481534202
CWBR,2018-09-30,Q3,-11515740,21185908,24729725,0,-2.174226377269268,-69.10377344344452
CVNA,2018-09-30,Q3,-168341000,109106000,1212103000,1370629000,-6.171649588473595,14.981730341863775
INGR,2018-09-30,Q3,357000000,2835000000,5751000000,4415000000,0.5037037037037037,-22.224369963053206
ABT,2018-09-30,Q3,1714000000,30705000000,71637000000,22813000000,0.2232861097541117,10.415533331405054
VRNS,2018-09-30,Q3,-35046000,110061000,245879000,182770000,-1.2736936789598496,-16.47306077709465
WK,2018-09-30,Q3,-10964000,-12287000,200448000,60873000,3.5693008871164644,8.32292419583156
BMNM,2018-09-30,Q3,-2177995,53574348,286542879,13330116,-0.16261476481244344,-36.725665770698086
YUMC,2018-09-30,Q3,658000000,2984000000,4691000000,6501000000,0.8820375335120644,30.28985728388247
BFAM,2018-09-30,Q3,111324000,780213000,2497414000,1424941000,0.5707364527379062,26.71501567736461
EPRT,2018-09-30,Q3,12314000,814892000,1354960000,67573000,0.06044481968162652,58.14607317227042
SRRE,2018-09-30,Q3,61191294,134777640,221830863,5162387,1.816066641321216,59.090907243657696
HPE,2018-10-31,FY,1908000000,21239000000,55493000000,19504000000,0.08983473798201422,6.950816170113986
MSCI,2018-09-30,Q3,355753000,378441000,3806405000,1072296000,3.7601951162796845,20.0723001809414
ZS,2018-10-31,Q1,-7588000,252178000,458094000,63298000,-0.12035942865753554,24.44199148005415
KRO,2018-09-30,Q3,181000000,873400000,1934900000,1312500000,0.8289443553927182,-26.029056123385597
VRSK,2018-09-30,Q3,452500000,2141200000,5851100000,1781200000,0.8453203810947132,29.23830644297587
STWC,2017-04-30,Q1,-448642,-3850096,738672,128500,0.4661099359600384,-77.14285726449927
NWL,2018-09-30,Q3,-7126000000,5993300000,22398100000,6290300000,-4.7559775082175095,-10.915318203257076
HLI,2018-09-30,Q2,69803000,828306000,1220406000,494994000,0.3370879843922415,-1.08550702347129
MCB,2018-09-30,Q3,19268000,257269000,1930714000,60602000,0.29957748504483633,-0.9452762709038526
ALFA,2018-09-30,Q3,-28685,838,6062,0,-136.92124105011933,5.614890725174335
URYL,2018-09-30,Q3,-114301,298073,397012,0,-1.533865865073321,20.000002119276257
RWLK,2018-09-30,Q3,-16657000,-5221000,11874000,4966000,12.761539934878376,-86.38202305972862
NMRK,2018-09-30,Q3,152339000,334624000,3721094000,1415888000,1.8210170220904658,-16.213767826431965
BYFC,2018-09-30,Q3,540000,48013000,419466000,11295000,0.04498781579988753,12.408755948391253
BBGI,2018-09-30,Q3,4389196,273929623,681773666,181926003,0.06409231614939287,-54.451038019345724
O,2018-09-30,Q3,279295000,7676240000,15095325000,985262000,0.14553739851802444,36.27209102252117
DBO,2018-09-30,Q3,117905524,403668947,403905039,5356728,1.1683388070967966,-30.287770889824817
PM,2018-09-30,Q3,6283000000,-11720000000,39380000000,22126000000,-2.144368600682594,-8.176487981372418
RUN,2018-09-30,Q3,32545000,966792000,4533199000,519861000,0.13465150725285274,31.86274257727372
TPIC,2018-09-30,Q3,14127000,228550000,574696000,739567000,0.24724567928243274,-34.27221869293762
IDN,2018-09-30,Q3,-3299551,13565183,15289294,3103061,-0.9729469923111247,97.58064748717395
GSRX,2018-06-30,Q2,-12156361,8878233,9626698,355626,-5.476928122972217,-68.33333373069763
RGRX,2018-09-30,Q3,-1729725,-2003955,442482,50476,3.452622439126627,-18.848169160050613
GT,2018-09-30,Q3,598000000,4800000000,17591000000,11599000000,0.49833333333333335,-39.711496724086196
CNTY,2018-09-30,Q3,3215000,180566000,279549000,123834000,0.07122049555287263,3.3333333333333335
BHF,2018-09-30,Q3,-572000000,12884000000,216946000000,4939000000,-0.1775846010555728,-8.512080333784713
KINS,2018-09-30,Q3,3973093,91365757,263372701,84133965,0.17394232283326894,-53.63098539641968
KHC,2018-09-29,Q3,2376000000,65385000000,119730000000,19368000000,0.14535443909153475,-49.87396526166666
ETN,2018-09-30,Q3,1514000000,16754000000,31628000000,16150000000,0.3614659185866062,-5.077181208639214
QLYS,2018-09-30,Q3,42904000,374140000,586000000,204689000,0.458694606297108,-13.248112866448098
XOM,2018-09-30,Q3,15215000000,190365000000,354628000000,211079000000,0.3197016258240748,-16.699679069300974
RFIL,2018-10-31,FY,5846000,27783000,32502000,50196000,0.2104164417089587,-23.067015282138886
FFWM,2018-09-30,Q3,28829000,530999000,5466282000,149864000,0.21716801726556925,-0.06548938167681297
INLX,2018-09-30,Q3,-1787877,-4122917,1747643,1748161,1.7345748168105253,-41.66666666666667
PNW,2018-09-30,Q3,499591000,5353572000,17671955000,2934871000,0.37327675802249416,23.47573129134926
MU,2018-11-29,Q1,3296000000,33869000000,44595000000,7913000000,0.38926451917682836,27.037721026790525
SUI,2018-09-30,Q3,109486000,3159138000,6653726000,852880000,0.13862768894552882,46.92826146416339
LKQ,2018-09-30,Q3,445109000,4840460000,11585336000,8873893000,0.367823719233296,-0.9171439210321495
GLGI,2018-08-31,Q1,764908,1909680,36854197,18206110,1.6021699970675716,11.320755777939622
DXPE,2018-09-30,Q3,24419000,296885000,681832000,905191000,0.3290028125368409,-12.878025632688878
FNLC,2018-09-30,Q3,17173000,184661000,1981854000,51742000,0.37198975419823355,-5.570841965211876
RCL,2018-09-30,Q3,1495339000,11338135000,27093540000,7161548000,0.5275431982420389,-17.440605304536078
HUBB,2018-09-30,Q3,276900000,1754800000,4997500000,3337600000,0.6311830408023706,-1.2111208012233496
BIIO,2018-09-30,Q1,-87509,-251668,0,0,1.390864154362096,-92.34615399287297
EB,2018-09-30,Q3,-35516000,420396000,906347000,73628000,-0.3379290002759303,-52.83171815684701
UNAM,2018-09-30,Q3,-2700880,55893698,123591906,25611377,-0.1932869068709678,-5.142859050205776
RC,2018-09-30,Q3,51971000,549570000,2900759000,123295000,0.37826664483141365,-3.922749731451754
BDX,2018-09-30,FY,311000000,20994000000,53904000000,15983000000,0.014813756311327047,-6.18427961692901
GDOT,2018-09-30,Q3,104431000,891730000,2344060000,803924000,0.4684422414856515,-71.2609644844258
FWRD,2018-09-30,Q3,64366000,548410000,743141000,964325000,0.46947356904505755,-11.380417717581476
BKH,2018-09-30,Q3,182318000,1813255000,6661938000,1253072000,0.402189432815572,34.20684388925036
IPIC,2018-09-30,Q3,-42453000,-132105000,149690000,106522000,1.2854320426933121,-93.9443535731062
CHDN,2018-09-30,Q3,341400000,514700000,1711700000,790000000,2.653196036526132,30.028417935456623
NATH,2018-09-23,Q2,9279000,-79323000,86381000,59498000,-0.4679096857153663,-13.87705576887625
SUM,2018-09-29,Q3,54957000,1344860000,3896334000,1229596000,0.1634579063991791,22.820654743037093
CIVB,2018-09-30,Q3,6570000,289388000,2085535000,49970000,0.09081233499661354,-10.144326121536727
PB,2018-09-30,Q3,238481000,3995697000,22612583000,540015000,0.23873782221224482,2.9986958299715956
ATUS,2018-09-30,Q3,-193214000,3662400000,33956567000,7111668000,-0.2110244648318043,59.06563464746617
ZIVO,2018-09-30,Q3,-11538103,-21571640,278532,0,2.139494818196484,-43.74999650754027
TSLA,2018-09-30,Q3,-1272660000,4508838000,29262713000,14235395000,-1.1290359068123539,-22.069518714607845
MIND,2018-10-31,Q3,-15685000,60254000,68539000,30614000,-1.0412586716234606,-45.75
INSM,2018-09-30,Q3,-232704000,291407000,661513000,0,-3.194212904974829,16.07370218192689
MYO,2018-09-30,Q3,-7624785,8948935,10830904,1554529,-3.408130688176861,-63.080808515431606
AFTM,2018-09-30,Q1,-2126532,-7846243,1354382,534522,1.0841020345660974,-59.40959511043974
EMYB,2018-09-30,Q3,7567000,84381000,1076797000,28412000,0.3587063438451784,-8.831904868618995
NAVI,2018-09-30,Q3,323000000,3724000000,106493000000,263000000,0.3469387755102041,-5.854197943743328
ASRV,2018-09-30,Q3,5840000,97179000,1168806000,34969000,0.24038115230656829,-3.286392859173652
LAUR,2018-09-30,Q3,298814000,1983336000,6990536000,2436514000,0.6026492737488757,9.702978598792415
FAF,2018-09-30,Q3,382724000,3674215000,11380127000,4330731000,0.4166593408387914,14.657855981380955
LODE,2018-09-30,Q3,-6900000,11101419,29747722,83946,-2.486168660060484,-15.384610446952324
PED,2018-09-30,Q3,59323000,22225000,58893000,2801000,10.676805399325085,-31.05023054749396
BNET,2018-09-30,Q1,-940543,-13709273,189438,0,0.2744253469895887,-21.62162488703309
SBGI,2018-09-30,Q3,138304000,1623533000,6627414000,2161756000,0.34074823240426894,49.214849001569036
WMT,2018-10-31,Q3,3366000000,71996000000,226583000000,372586000000,0.18701038946608145,17.77025083879214
NYT,2018-09-30,Q3,70484000,1006588000,2141388000,1245854000,0.2800907620595517,27.132806237449476
LQDA,2018-09-30,Q3,-43450124,27855536,57230383,2138579,-6.239352062728213,-85.55304768550994
HVT,2018-09-30,Q3,20879000,292423000,473584000,608765000,0.2855999699066079,-5.728922131223635
MED,2018-09-30,Q3,40136000,111641000,174447000,355159000,1.4380379967932928,-54.017388365185404
GTN,2018-09-30,Q3,122536000,1096490000,3339195000,755912000,0.44701182865324807,-8.390805000892836
ENSV,2018-09-30,Q3,-5349000,5017000,31809000,34385000,-4.2647000199322305,-66.2337659656844
INQD,2018-09-30,Q3,-2571357,-2066834,214474,0,4.9764170707468525,-95.5652173117282
USM,2018-09-30,Q3,143000000,4012000000,7228000000,2916000000,0.14257228315054835,-16.579840185358854
RGNX,2018-09-30,Q3,95631000,494057000,514984000,177728000,0.7742507443473121,-55.62209208653631
DREM,2018-09-30,Q3,46936,270097,813644,1927457,0.6950984276019356,-51.428570090507954
AMGN,2018-09-30,Q3,6466000000,14349000000,67333000000,17517000000,1.802494947383093,-5.785124454519134
IDXG,2018-09-30,Q3,-8152000,36029000,49801000,16062000,-0.9050487107607761,-52.964283873434695
ATLC,2018-09-30,Q3,-15314000,-47462000,461009000,115462000,1.2906325060048038,126.78571863007606
CHH,2018-09-30,Q3,184884000,-168079000,1161037000,796325000,-4.399930984834512,7.699851602846411
IBM,2018-09-30,Q3,6777000000,19784000000,121990000000,57830000000,1.3701981399110392,-6.3790925355073265
IEX,2018-09-30,Q3,312436000,2060574000,3554807000,1869572000,0.6065028482354916,8.887560466902181
BSRR,2018-09-30,Q3,21773000,263208000,2463040000,74596000,0.3308865991915139,-6.150588978990714
SCL,2018-09-30,Q3,85807000,777651000,1492231000,1527198000,0.4413650853660575,11.276103903506389
SCIA,2018-09-30,Q3,542373,3082816,7450749,7043244,0.7037371027009072,-49.12280364196522
CIEN,2018-10-31,FY,-344690000,1929334000,3756523000,3094286000,-0.17865750564702637,17.658344561734793
BNED,2018-10-27,Q2,21075000,492040000,1172721000,1074018000,0.17132753434680106,-27.88295871796625
VBFC,2018-09-30,Q3,2181000,35819000,512319000,15409000,0.2435578882715877,1.0272922725451745
SASR,2018-09-30,Q3,75298000,1042716000,8034565000,238475000,0.28885334069871377,-11.700751573352736
WFC,2018-09-30,Q3,16329000000,198741000000,1872981000000,47726000000,0.32864884447597625,-2.947370173258074
TAPM,2018-09-30,Q3,-2080931,1824270,2700479,2303698,-4.5627697654404225,-15.789474509759632
FUSB,2018-09-30,Q3,1013000,77470000,802595000,25961000,0.05230411772298955,-17.51152539542324
MRC,2018-09-30,Q3,64000000,773000000,2581000000,3163000000,0.3311772315653299,-35.218094072860104
LLY,2018-09-30,Q3,2107000000,13076600000,44625100000,18117100000,0.644510040836303,4.433089535413118
CYH,2018-09-30,Q3,-405000000,-1205000000,16469000000,10702000000,1.3443983402489628,13.707166728709963
CUEN,2018-06-30,Q2,537108,-3687070,9383360,40907642,-0.5826935751151999,-83.60000023475061
CFR,2018-09-30,Q3,335665000,3308246000,31223402000,769993000,0.40585252729089677,-15.215712615157278
MDT,2018-10-26,Q2,2197000000,49607000000,88150000000,14865000000,0.17715241800552342,17.48189687064763
AIHS,2018-09-30,Q2,-1720369,11051601,12439586,196534,-0.6226677926573715,-92.04129938890176
WYY,2018-09-30,Q3,-1044355,24717929,43784171,58918317,-0.16900364104128626,-30.43478012986349
GH,2018-09-30,Q3,-58991000,255187000,344599000,57766000,-0.924670927594274,94.3788778558843
FDBC,2018-09-30,Q3,8159000,90052000,949854000,25706000,0.36241282814373915,-10.116444333291948
UPWK,2018-09-30,Q3,-14542000,-33230000,318842000,186012000,1.7504664459825459,-37.393767526804645
DXC,2018-09-30,Q2,525000000,11500000000,28882000000,10295000000,0.1826086956521739,-68.28203122778078
PXD,2018-09-30,Q3,652000000,11894000000,18024000000,7175000000,0.21927022027913234,-29.12131139624854
CELZ,2018-09-30,Q3,-15590004,-7353936,355623,66800,8.479814890964512,-96.8
WATT,2018-09-30,Q3,-38387119,26893028,30646189,458773,-5.709601611242884,-67.29063964242418
IMXI,2018-09-30,Q3,-12108413,37930164,257819956,198843890,-1.2769164931635941,20.204611523638278
TNC,2018-09-30,Q3,25775000,307189000,970566000,838299000,0.33562399695301587,-5.56222235700559
ARII,2018-09-30,Q3,35256000,676077000,1497836000,194347000,0.20859162491846342,51.97654176654285
LTC,2018-09-30,Q3,124232000,815842000,1535851000,125058000,0.6090983303139579,18.601977099010995
INPX,2018-09-30,Q3,-17278000,9014000,12991000,2627000,-7.667184379853561,-98.52599950439092
OSK,2018-09-30,FY,471900000,2513500000,5294200000,7705500000,0.187746170678337,5.485234331331842
CARS,2018-09-30,Q3,29452000,1634843000,2615798000,497781000,0.07206074222417688,-67.38086433966842
RMR,2018-09-30,FY,217426000,232762000,504428000,404979000,0.93411295658226,-51.37703613955094
WMB,2018-09-30,Q3,739000000,15610000000,47153000000,6423000000,0.18936579115951313,-12.509035081561565
STKL,2018-09-29,Q3,-4536000,227858000,999159000,308371000,-0.07962854058229248,-72.97667985022211
MANH,2018-09-30,Q3,78775000,139678000,291008000,414791000,2.25590286229757,48.36004628537277
IHT,2018-10-31,Q3,11124289,10471792,26532236,4803272,4.249239862671069,3.3783751129669097
CVCO,2018-09-29,Q2,35267000,494748000,715215000,487933000,0.28513101619410286,-27.48873175780235
EVOL,2018-09-30,Q3,1192000,34685000,51913000,23715000,0.13746576329825572,-60.173158464138446
HDP,2018-09-30,Q3,-114826000,-1140000,296609000,252578000,402.8982456140351,-33.844074124087335
BC,2018-09-29,Q3,221900000,1558100000,4210900000,3910300000,0.5696681856106797,-22.31230801218183
SGH,2018-08-31,FY,119463000,187128000,672762000,1288821000,0.6384025907400283,-13.882999690915875
QNTO,2018-09-30,Q3,1481000,23550000,258955000,8947000,0.25154989384288745,-4.086019373603457
CUBI,2018-06-30,Q2,47804000,936227000,11092846000,204604000,0.20424106546809695,-27.561227437739937
FNF,2018-09-30,Q3,-35800000,1100000000,1364700000,891300000,-0.13018181818181818,14.95471393001504
TVPT,2018-09-30,Q3,72106000,-148580000,3008010000,1962431000,-1.9412033921119936,-5.120484108051987
GIS,2018-11-25,Q2,747100000,6651800000,30384000000,8505200000,0.4492618539342734,24.327506603935692
TRNO,2018-09-30,Q3,40317000,1167029000,1731248000,112244000,0.13818679741463152,38.278928361281366
EFOI,2018-09-30,Q3,-6114000,13842000,18565000,14989000,-1.7667967056783702,-76.84729056104878
KOPN,2018-09-29,Q3,-24526756,59929152,71625185,16723848,-1.6370500954193379,-68.85964967317308
ACHC,2018-09-30,Q3,156043000,2680249000,6529584000,2268895000,0.23287836316700425,-12.783684537150997
VLGEA,2018-07-28,FY,25080000,303145000,481590000,1612015000,0.0827326856784707,-13.453540386916647
NVEC,2018-09-30,Q2,8227659,85147399,85863363,14613981,0.386513697265139,-36.36887233360127
SPND,2018-09-30,Q3,912000,18049000,24206000,5173000,0.20211646074574768,-53.58974619181349
EHTH,2018-09-30,Q3,-25831000,274464000,372009000,116478000,-0.37645738603241224,138.94480254770406
TCNT,2017-02-28,FY,-34343,-16586,4462,0,2.070601712287471,-47.058826416833924
GAIA,2018-09-30,Q3,-22713000,92033000,104963000,31462000,-0.9871676463877087,-57.13371874466685
BRGO,2018-06-30,Q2,-136352,-520642,1388189,144202,1.0475681946519873,0.0
SMME,2018-09-30,Q1,-213327,-1526479,27846,0,0.5590040871836429,-41.66666511446234
VFC,2018-09-29,Q2,667479000,4179556000,11130425000,6695532000,0.6388037389617461,0.9366088653207797
TCI,2018-09-30,Q3,30389000,217714000,1422930000,96194000,0.5583288167044839,-3.205332343844533
USAQ,2018-09-30,Q3,-33159,-528043,2625,0,0.25118408917455587,-76.50000115483998
MHTX,2018-09-30,Q3,-4717000,3444000,6247000,0,-5.478513356562137,-22.15568501621282
KTCC,2018-09-29,Q1,1593000,123420000,250984000,127472000,0.05162858531842489,-20.053123330792946
TTWO,2018-09-30,Q2,97060000,1944439000,3655189000,880649000,0.1996668447814511,-9.780949045351283
SON,2018-09-30,Q3,237390000,1810821000,4658634000,4035322000,0.5243809299759612,5.042325073491144
LKFN,2018-09-30,Q3,59048000,498452000,4757619000,145242000,0.47385104282859736,-3.6173455425814653
APPF,2018-09-30,Q3,17318000,108363000,136189000,139706000,0.6392587875935513,22.507236734944165
MAS,2018-09-30,Q3,576000000,36000000,5610000000,6318000000,64.0,14.852574410771721
JILL,2018-11-03,Q3,28431000,210413000,622128000,535360000,0.5404799133133409,-60.73151975921803
ADSK,2018-10-31,Q3,-145500000.0,-338300000.0,3774400000.0,1832500000.0,1.7203665385752291,15.110250506225823
BIO,2018-09-30,Q3,1194143000,4900481000,6718662000,1672568000,0.974714931044524,8.087375480380258
VSAT,2018-09-30,Q2,-61095000,1874713000,3629627000,956343000,-0.13035595315122903,20.11788010256784
HGV,2018-09-30,Q3,40533279,562000000,2813000000,427000000,0.28849308896797154,-1.985343593633394
BMRA,2018-08-31,Q1,-451740,4078171,4875703,1272870,-0.4430809791938592,-21.666666445908717
STE,2018-09-30,Q2,147773000,3117863000,5021290000,1317719000,0.18958241590473987,24.19410847159494
QUIK,2018-09-30,Q3,-10714000,19551000,32532000,9396000,-2.192010638842003,-64.99999931880406
UBOH,2016-06-30,Q2,116035,2886382,54501137,1331409,0.16080338638475433,25.260679920525707
HCMC,2018-09-30,Q3,-13023521,8042730,13219411,9915801,-6.477164345937263,0.0
QBAK,2018-09-30,Q3,1469000,7404000,10122000,9320000,0.7936250675310643,-23.846154974762477
ICCH,2018-09-30,Q3,258722,59278424,153251192,38261215,0.01745808896673771,-8.759122239913328
MYGN,2018-09-30,Q1,-800000,1102200000,1573600000,202300000,-0.002903284340410089,-36.22311894574892
TXRH,2018-09-25,Q3,132601000,926255000,1324826000,1851537000,0.5726328063006407,-25.534063132800362
BHE,2018-09-30,Q3,2305000000,29557000000,91862000000,15070000000,0.3119396420475691,22.878851642497658
CVCY,2018-09-30,Q3,16008000,213435000,1519426000,47813000,0.30000702790076605,-5.349598396144417
APH,2018-09-30,Q3,875700000,4008900000,9742600000,5977300000,0.8737558931377685,1.3337589922189383
SSTI,2018-09-30,Q3,-3027000,15779000,43244000,25045000,-0.7673490081754231,-58.72844932419981
MHO,2018-09-30,Q3,75256000,835204000,2058335000,1563797000,0.36041972979056613,56.18404037943113
CF,2018-09-30,Q3,333000000,3436000000,13156000000,3297000000,0.38766006984866125,-11.222623716794644
SELF,2018-09-30,Q3,543969,37603687,58900449,6039768,0.05786336855745023,11.163890402208175
COP,2018-09-30,Q3,4427000000,31950000000,70556000000,26751000000,0.5542410015649453,-27.525344888935916
FARO,2018-09-30,Q3,-828000,370959000,483413000,290783000,-0.008928210395218879,-22.188644822554078
PRI,2018-09-30,Q3,237550000,1443456000,12707529000,1412518000,0.6582812361443646,5.832990744881855
MDIT,2018-09-30,Q3,-2700000,6438000,17651000,6174000,-1.6775396085740912,-65.50000137835738
PAVM,2018-09-30,Q3,-11136936,3654181,9398185,0,-12.190896947907069,-25.954196065154257
FBMS,2018-09-30,Q3,14364000,288798000,2508942000,69422000,0.19894874618245278,-16.57671752308794
GDDY,2018-09-30,Q3,38500000,695700000,6037300000,1964300000,0.22135978151502084,-21.247142880366006
HOPE,2018-09-30,Q3,145140000,1900000000,15229495000,478146000,0.3055578947368421,-10.099127772037086
CAPS,2018-09-30,Q3,-2000,-870000,1962000,2000000,0.009195402298850575,-71.79999923706055
WING,2018-09-29,Q3,19300000,-136259000,127836000,112672000,-0.5665680799066484,29.710792726826057
VTNR,2018-09-30,Q3,-1940129,27504536,89129776,138918913,-0.28215404179150666,-39.99999761581421
WAL,2018-09-30,Q3,316702000,2488400000,22176147000,751515000,0.5090853560520816,-17.897167269964793
PFTI,2018-09-30,Q3,61884,-8792559,2087188,3344272,-0.028152896102261016,-25.49019708100856
CMPR,2018-09-30,Q1,-14994000,82104000,1701119000,588981000,-0.7304881613563285,-3.045162003937774
FNEC,2018-06-30,Q2,-21253,-731296,844,0,0.11624841377499671,445.4545336321369
AWX,2018-09-30,Q3,333000,39124000,68145000,46369000,0.03404559860954912,-39.78779860978568
KEY,2018-09-30,Q3,1382000000,15208000000,138805000000,3581000000,0.3634928984744871,-10.160958932038229
MITL,2018-09-30,Q3,-6700000,401600000,1454700000,309600000,-0.06673306772908366,0.9049721816227393
TLRY,2018-09-30,Q3,-36714000,188114000,223801000,27599000,-0.7806755478061176,-84.276881315419
PTCT,2018-09-30,Q3,-79751000,386090000,1028627000,178396000,-0.8262425859255614,-25.56439436409011
EXPL,2018-09-30,Q3,-348684,-91232,606520,0,15.28779375657664,-59.86622096080097
IMMR,2018-09-30,Q3,57485000,100397000,146695000,100112000,2.2903074793071507,-25.171402174919187
QTNA,2018-09-30,Q3,1664000,198488000,234633000,157893000,0.03353351336100923,35.63918452030867
CASA,2018-09-30,Q3,58090000,85716000,487844000,229302000,2.7108124504176585,-48.14200255156929
PVBC,2018-09-30,Q3,6490000,122136000,915171000,30963000,0.21254994432435972,-15.578944805705303
NINE,2018-09-30,Q3,24352000,490630000,706451000,597726000,0.19853657542343517,-80.58897995804195
PFIE,2018-09-30,Q3,5249587,45393065,50761151,35009380,0.4625893404642317,-45.697326259352444
AKR,2018-09-30,Q3,-9027000,1485764000,3918716000,192768000,-0.024302648334459578,2.6872089003953974
TRS,2018-09-30,Q3,66590000,607490000,1076570000,665790000,0.4384598923439069,2.7740639090561894
MEI,2018-10-27,Q2,38300000,643300000,1270500000,487400000,0.2381470542515156,18.881117295470375
BXC,2018-09-29,Q3,-31881000,2224000,1091552000,2190215000,-57.339928057553955,3.7508141691244674
HSTC,2018-09-30,Q3,-134781,-3327388,0,0,0.16202618991232762,16.66685293325588
BERY,2018-09-29,FY,496000000,1434000000,9131000000,7869000000,0.3458856345885635,-18.423238438915103
EXPO,2018-09-28,Q3,56218000,330634000,480893000,287380000,0.6801236412468167,29.925375694314067
ES,2018-09-30,Q3,807332000,11408778000,37515700000,6413243000,0.2830564325118781,38.71910874981297
HSII,2018-09-30,Q3,38100000,253833000,632856000,530718000,0.6003947477278369,-14.98139447765805
WRB,2018-09-30,Q3,512794000,5437848000,24855649000,5740066000,0.37720362908268124,37.07950154769744
EVOA,2018-09-30,Q3,-5458785,-8000358,19966403,11323856,2.7292703651511596,1699.999960263572
SAMG,2018-09-30,Q3,12136000,53429000,120703000,73840000,0.9085702521102772,-11.381532728675156
MLP,2018-09-30,Q3,-3161000,29253000,43856000,8312000,-0.4322291730762657,-15.378554542648496
CARA,2018-09-30,Q3,-53361000,149530000,212704000,7936000,-1.4274326222162776,-20.579463421448725
STWC,2018-07-31,Q2,-421034,-1260182,187735,131249,1.3364228341620497,262.96295560436516
JNPR,2018-09-30,Q3,374700000,4650900000,9100300000,3466500000,0.32226020770173514,-16.87833965301937
LII,2018-09-30,Q3,283400000,-86800000,1910800000,3040400000,-13.059907834101383,11.424751880164912
CNSL,2018-09-30,Q3,-36573000,488536000,3596020000,1054324000,-0.29944978466274746,-63.0147609074741
B,2018-09-30,Q3,127357000,1206905000,2344443000,1111772000,0.42209453105256833,-25.61794118836517
SF,2018-09-30,Q3,279906000,3161569000,23760048000,1605149000,0.35413555737673286,11.527943944072868
TACO,2018-09-11,Q3,13313000,423276000,755519000,348197000,0.12580916470577116,-11.685216819903985
BDCO,2018-09-30,Q3,748000,-3986000,72167000,256904000,-0.750627195183141,8.571432139597944
PSCO,2018-09-30,Q3,463129000,6238766000,16779876000,3045843000,0.2969362851563915,-16.666669253673795
IQST,2018-06-30,FY,-291915,501139,2444015,9621015,-0.582503058033799,-6.5134040118083885
CGNX,2018-09-30,Q3,173849000,1149444000,1324696000,613052000,0.6049846708495585,-14.925898092664838
APYP,2018-06-30,FY,-1994256,-1849568,54496,4249,1.07822799702417,-75.0
LBUY,2018-09-30,Q1,-1428903,-1361578,368589,387517,4.197785216858675,-91.6666663710087
BIIO,2018-06-30,FY,-1740736,-309682,0,0,5.62104352206457,-89.28571428571429
CNX,2018-09-30,Q3,753696000,4310564000,8209036000,1294979000,0.6993943251973523,-48.96502513520596
INFU,2018-09-30,Q3,-820000,20607000,63992000,49575000,-0.15916921434464018,65.01547653968576
AMG,2018-09-30,Q3,631100000,3618200000,8538800000,1813900000,0.6976949864573545,-39.534881133953746
ARLO,2018-09-30,Q3,-36410000,305709000,543211000,342760000,-0.47640076020005956,-76.03305847547152
CBSH,2018-09-30,Q3,327454000,2803093000,25062392000,656369000,0.4672752562972402,-3.006711333460306
PFHO,2018-09-30,Q3,1041911,7763889,8260368,4921135,0.5367985039456385,-20.000001658564027
AVDL,2018-09-30,Q3,-31445000,65742000,269006000,82349000,-1.913236591524444,-0.7009394471429935
INVE,2018-09-30,Q3,-5333000,30205000,60942000,56844000,-0.7062406886277106,-14.518765525405309
AAP,2018-10-06,Q3,370405000,3659636000,8972353000,7475482000,0.40485447186550794,-5.001186824911197
APPN,2018-09-30,Q3,-35548000,81816000,206864000,166527000,-1.737948567517356,52.87698377031737
BFS,2018-09-30,Q3,47550000,347233000,1506138000,169630000,0.5477589975607157,-0.38609870716899386
TDW,2018-09-30,Q3,-81394000,942953000,1590909000,296286000,-0.3452727760556465,-51.33333357553633
EQBK,2018-09-30,Q3,25900000,443237000,3931036000,115976000,0.23373499956005478,-29.396529919833064
REXR,2018-09-30,Q3,31868000,1754557000,2668838000,155486000,0.0726519571606964,38.14756506439203
ASTC,2018-09-30,Q1,-2238000,1827000,2950000,33000,-4.899835796387521,-26.966290743563093
SFRX,2018-09-30,Q3,-1009159,-1486703,90135,0,2.7151596519277894,330.7692142368774
SHOO,2018-09-30,Q3,117962000,859770000,1125059000,1243249000,0.5488072391453528,2.055057874048263
WEYS,2018-09-30,Q3,10491000,202576000,257688000,208789000,0.2071518837374615,-34.76640691591834
VOYA,2018-09-30,Q3,835000000,8523000000,165036000000,6332000000,0.3918807931479526,9.41058772481467
NOC,2018-09-30,Q3,2572000000,9103000000,37943000000,21939000000,1.130176864769856,16.540029097576532
VIVE,2018-09-30,Q3,-36489000,-2767000,36438000,14045000,52.748825442717745,-97.9798387712048
GLDG,2016-12-31,Q2,-226584,-1734362,0,0,0.5225760250743501,-34.17721939209149
JCI,2018-09-30,FY,2383000000,21164000000,48797000000,25332000000,0.11259686259686259,24.13302384912276
NGVC,2018-09-30,FY,12661000,146726000,307083000,849042000,0.08629009173561604,-36.380482699382426
STC,2018-09-30,Q3,44163000,670944000,1370429000,1437739000,0.26328873944770353,-13.715820435646645
IQV,2018-09-30,Q3,208000000,7215000000,22498000000,7724000000,0.11531531531531532,13.977082841600005
SPB,2018-09-30,FY,872000000,1581300000,7747700000,3145900000,0.5514450135964081,-29.3485552313874
HQY,2018-10-31,Q3,60780000,456801000,477698000,211466000,0.5322230030144417,-35.686275650513906
NDAQ,2018-09-30,Q3,502000000,5602000000,14855000000,3141000000,0.35844341306676186,14.862851824884773
RARE,2018-09-30,Q3,-109785000,662596000,765145000,35234000,-0.6627567929779232,-44.386284979956116
AFSI,2018-09-30,Q3,508300000,3404500000,25689900000,5242700000,0.5972095755617565,2.3594736723675345
ASPS,2018-09-30,Q3,8169000,321614000,829265000,620569000,0.1016000547239859,-36.31250262260437
ATRO,2018-09-29,Q3,34318000,369445000,776056000,600339000,0.3715627495297,-21.145617086089942
GOOG,2018-09-30,Q3,21788000000,169840000000,221538000000,97543000000,0.5131417804992935,2.491407668023198
SLB,2018-09-30,Q3,1628000000,36533000000,70046000000,24636000000,0.17824980154928421,-44.260429053413134
NAII,2018-09-30,Q1,2559000,71876000,90102000,36532000,0.14241193166008126,-15.724561201978624
FSTJ,2018-09-30,Q1,-8550,-153289,1994,0,0.22310798556974082,-39.99999761581421
PRGO,2018-09-29,Q3,49600000,5659800000,10942900000,3536500000,0.035054242199371005,-22.606983623758303
WHSI,2018-09-30,Q1,-74975,-1593909,295978,1015043,0.18815377791329366,183.33334626836896
DUUO,2018-09-30,Q2,-916370,-2934151,1267752,328881,1.2492472268809616,-94.40000007549921
CBU,2018-09-30,Q3,127818000,1668345000,10659567000,270312000,0.3064546002175809,2.961734840576752
FNF,2018-09-30,Q3,589000000,4689000000,9371000000,5901000000,0.5024525485178076,14.95471393001504
MBUU,2018-09-30,Q1,12015000,147590000,384667000,123483000,0.3256318178738397,-45.939129987958935
ICUI,2018-09-30,Q3,36148000,1260313000,1545175000,1059662000,0.11472705589801899,-44.33650306641865
MTEX,2018-09-30,Q3,-2310000,27872000,69141000,129500000,-0.3315154994259472,-15.833331385469087
PEP,2018-09-08,Q3,5692000000,10286000000,73632000000,45137000000,2.2134940696091774,20.956234468888468
BK,2018-09-30,Q3,3384000000,41560000000,349770000000,4568000000,0.3256977863330125,-14.200390231023647
PII,2018-09-30,Q3,243783000,898252000,4148031000,4451420000,1.0855884540195848,-13.771140634717039
MA,2018-09-30,Q3,4960000000,5775000000,23340000000,11143000000,3.4354978354978356,20.270813667734267
DBC,2018-09-30,Q3,176046309,2595503293,2640987124,35025498,0.2713097062520275,-17.03986879607755
UBIA,2018-08-31,FY,-3104366,-1380300,694704,0,2.2490516554372237,-75.99999904632568
ORGS,2018-08-31,Q3,-12223000,29625000,69296000,12853000,-1.6503628691983123,-28.233437204609164
USNU,2018-09-30,Q3,19000,3451000,8212000,2789000,0.022022602144306,-4.000002145767212
ESGR,2018-09-30,Q3,-62894000,3905364000,15121228000,23633000,-0.06441806704829563,-7.525204389441818
PYPL,2018-09-30,Q3,1473000000,15115000000,43724000000,11225000000,0.3898114455838571,16.73328770511132
IMPV,2018-09-30,Q3,-31782000,341619000,605943000,260677000,-0.37213386843237645,23.236794699535867
BFIN,2018-09-30,Q3,11926000,192083000,1532484000,45141000,0.24835097327717706,-23.57827265384839
FLO,2018-10-06,Q3,136319000,1277568000,2693137000,3071185000,0.42680780983869354,15.724571003359522
BOOM,2018-09-30,Q3,15202000,119390000,229519000,236111000,0.5093223888097831,10.365404004702043
TPC,2018-09-30,Q3,42390000,1756748000,4425168000,3271378000,0.0965192503421094,-24.54835260613554
FBIO,2018-09-30,Q3,-102521000,37773000,224919000,182952000,-10.856537738596352,-10.457522640933945
HTH,2018-09-30,Q3,96169000,1940222000,13764536000,421726000,0.19826391000617455,21.00797850368697
ENPH,2018-09-30,Q3,-12336000,4156000,326510000,223870000,-11.872954764196342,348.790323743587
CDTI,2018-09-30,Q3,-3654000,2998000,7763000,6654000,-4.875250166777852,-86.1702132381536
ASFT,2018-09-30,Q3,-69968,-130944,52143,244,2.1373411534701856,-30.000001192092896
SCI,2018-09-30,Q3,254322000,1488862000,13070234000,2369360000,0.683265473898857,7.307691145889297
STN,2018-09-30,Q3,206299000,516680000,3866076000,1249559000,1.5971123325849657,-13.312205391524495
LNG,2018-09-30,Q3,977000000,-609000000,30740000000,5604000000,-6.417077175697865,-10.08259998287678
ESTA,2018-09-30,Q3,-10584000,76987000,121472000,44811000,-0.5499110239391066,-22.891567506195912
REZI,2018-09-30,Q3,389000000,2685000000,4742000000,3561000000,0.5795158286778399,-46.12703326173758
UAL,2018-09-30,Q3,1667000000,9469000000,44837000000,30812000000,0.7041926285774633,0.604952374848235
HON,2018-09-30,Q3,5088000000,18239000000,61927000000,32073000000,1.1158506497066725,4.192066197490252
AGTK,2018-09-30,Q3,-290342,-3162160,734628,1255,0.3672704733473322,-92.7009567829233
MERC,2018-09-30,Q3,41176000,569942000,1541296000,331058000,0.2889837913331532,-26.347307611919675
ANCB,2018-09-30,Q1,1287000,68676000,478880000,5816000,0.07496068495544295,-8.422171227042002
HUBS,2018-09-30,Q3,-52336000,229413000,785648000,368958000,-0.9125202146347418,0.4287528447311179
MAT,2018-09-30,Q3,-545906000,666410000,5481845000,2986571000,-3.276697528548491,-29.36009708093686
GCO,2018-11-03,Q3,14387000,839463000,1430713000,713069000,0.06855334898619712,-15.122374175632302
EGN,2018-09-30,Q3,160617000,3607883000,5724038000,1110317000,0.17807340204768282,-17.37884982224446
TRGP,2018-09-30,Q3,148600000,6081400000,16569100000,7886300000,0.09774065182359325,-30.97760046070468
PLYA,2018-09-30,Q3,33216000,853156000,2115910000,465231000,0.15573236313171332,-18.947370428788034
ALLY,2018-09-30,Q3,973000000,13085000000,173101000000,4366000000,0.29743981658387464,27.372813373975163
JTPY,2018-09-30,Q3,-10000,-10084000,171416000,46581000,0.003966679888932963,141.14833343695224
FORR,2018-09-30,Q3,10005000,146830000,328494000,258992000,0.2725601035210788,-27.598325690666847
FXNC,2018-09-30,Q3,7814000,63651000,746454000,22979000,0.4910527721481202,-14.452215716587743
ARVN,2018-09-30,Q3,-25392600,-278842379,98886058,10883755,0.3642574000561084,42.098686288331784
BMTM,2018-09-30,Q3,-2753680,2319934,5038710,2057287,-4.74785920633949,126.66667302449544
ASRT,2018-09-30,Q3,61046000,242409000,983507000,269171000,1.0073223353918377,-77.21739229948625
PRSS,2018-09-30,Q3,-7693000,29300000,36635000,42120000,-1.0502389078498293,1.379308984055717
WAYS,2018-09-30,Q3,-5700262,-1203361,108556,86900,18.947803693156086,-97.17999994754791
IPGP,2018-09-30,Q3,328703000,2205963000,2562099000,1129823000,0.5960263159445557,-14.644643362808951
LAKE,2018-10-31,Q3,3386000,85833000,98404000,73970000,0.157794787552573,-16.514459814277373
NVTA,2018-09-30,Q3,-99514000,179395000,284400000,102343000,-2.2188801248641266,15.079373304360574
TECH,2018-09-30,Q1,17403000,1109469000,1872198000,162970000,0.0627435286610081,-3.1746816112951577
VBIV,2018-09-30,Q3,-44350000,77128000,108824000,671000,-2.3000726065760815,-79.66805091454593
IRTC,2018-09-30,Q3,-33567000,63958000,118989000,104138000,-2.099315175583977,-19.8160226034846
BIOL,2018-09-30,Q3,-14597000,16336000,34255000,33110000,-3.5741919686581785,-53.80952380952381
CAH,2018-09-30,Q1,594000000,5913000000,40011000000,35213000000,0.4018264840182648,-11.809416192180974
JHG,2018-09-30,Q3,398800000,4871900000,6923500000,1761300000,0.32742872390648414,-16.842103300709784
MSM,2018-09-01,FY,329223000,1387254000,2288727000,3203878000,0.2373199140171879,-21.690788718603628
FCCN,2018-09-30,Q3,-137134,-481974,935,0,1.1381028852178747,-40.90908936971475
AEMD,2018-09-30,Q2,-2554436,4127705,5272423,149625,-2.475405582521038,-78.63247863247864
AMEH,2018-09-30,Q3,62208688,179943785,551898869,414451683,1.3828471597393597,-11.414950244328198
BLKB,2018-09-30,Q3,35507000,363685000,1404716000,627388000,0.39052476731237196,-11.651650862721077
ZGSI,2018-03-31,Q1,-1576677,-3181561,394381,3470,1.982268452498632,-10.000002384185791
QRON,2018-09-30,Q3,-1725454,180925,253613,0,-38.14738703882824,-15.263156078528805
MMS,2018-09-30,FY,220816000,1083867000,1462000000,2392236000,0.20372979341561281,21.28059839739614
SIEB,2018-09-30,Q3,6611000,11824000,13493000,23549000,2.236468200270636,-36.58536488110041
ZGSI,2018-06-30,Q2,-2851062,-3057628,1299007,33070,3.729769612261531,-55.000001192092896
HSY,2018-09-30,Q3,839451000,1234902000,7836189000,5803167000,2.7190854011087517,51.29870100624838
SXC,2018-09-30,Q3,47800000,592700000,1654100000,667500000,0.3225915302851358,-45.359927696100634
FNAM,2018-09-30,Q3,-913411,564150,4550560,76375,-6.476369759815652,354.5454364834417
SGBI,2018-09-30,Q1,-95742,-426349,179418,11272,0.8982500252140851,-43.333328987161224
SIBN,2018-09-30,Q3,-12140000,-139429000,28395000,39756000,0.348277617999125,-10.917241699966826
CUE,2018-09-30,Q3,-27359000,39404000,44582000,812000,-2.7772814942645416,1.6036695379584247
THS,2018-09-30,Q3,-48800000,2189700000,5644200000,4331000000,-0.08914463168470567,17.62574761402547
WRD,2018-09-30,Q3,-118345000,1028564000,3064452000,703660000,-0.46023387946690725,-27.073489559418046
PKOH,2018-09-30,Q3,40600000,308400000,1258000000,1252200000,0.5265888456549935,-23.10102315733251
WEN,2018-09-30,Q3,441284000,783318000,4507432000,486316000,2.2534092156697536,17.15456860810116
VAC,2018-09-30,Q3,-11000000,3496000000,9013000000,1797000000,-0.012585812356979404,-6.384734380405481
KMT,2018-09-30,Q1,58424000,1227614000,2512204000,586687000,0.19036602710624023,-30.762147171247843
MAC,2018-09-30,Q3,55726000,3044448000,9010730000,713477000,0.07321655682737889,-40.7482081485797
HBUV,2018-09-30,Q3,-413105,-568137,2722454,158531,2.9084886215824706,-59.99999841054281
CTLT,2018-09-30,Q1,-14400000,1529400000,4499800000,551800000,-0.03766182816790899,4.723017710853364
BJRI,2018-10-02,Q3,40125000,312272000,673023000,836425000,0.5139749961571963,-44.81351776668591
AROC,2018-09-30,Q3,16192000,827798000,2531390000,671282000,0.07824131007806252,-20.46736497247178
BSX,2018-09-30,Q3,1285000000,8289000000,20379000000,7262000000,0.6200989262878513,3.412010894493674
AAT,2018-09-30,Q3,17993000,812419000,2196776000,248262000,0.08858975479401639,26.73160528368612
MTNB,2018-09-30,Q3,-10456615,10300230,14411882,119750,-4.060730682712911,-39.42307515962583
CDE,2018-09-30,Q3,-53044000,767783000,1598377000,148795000,-0.2763489162953595,-1.138518842442054
HUBG,2018-09-30,Q3,152829000,927955000,1823201000,2665300000,0.6587776346913374,3.0405369993832907
CCK,2018-09-30,Q3,453000000,941000000,15335000000,8417000000,1.9256110520722636,38.93918010582714
ATIN,2018-09-30,Q3,-50327,-65394,472,0,3.0783863963054716,-99.00000000291038
MTRX,2018-09-30,Q1,2305000,322781000,587194000,318511000,0.028564258738897272,-26.443513789532297
ESNC,2018-09-30,Q1,-2854053,5330860,10181800,2738206,-2.141532885875825,-96.45283004836749
TALO,2018-09-30,Q3,-84746000,699764000,2357147000,632624000,-0.48442617796857224,-36.87184398467179
INVA,2018-09-30,Q3,137113000,-111357000,277693000,181146000,-4.925168601884031,-34.058897143415706
CRTO,2018-09-30,Q3,17948000,979536000,1515943000,528869000,0.07329184430179186,-16.980282526874646
CTXR,2018-09-30,FY,-12536638,27865684,31050524,0,-0.44989521879312205,-56.88622472379314
WSM,2018-10-28,Q3,178346000,1091937000,2718759000,3835157000,0.6533197428056747,21.89265829714175
FALC,2018-09-30,Q3,-829656,-12027338,14496304,3925504,0.27592340050641295,-8.333333333333332
STCN,2018-07-31,FY,36715000,107628000,827050000,645258000,0.34112870256810496,-16.037739668506923
ALKS,2018-09-30,Q3,-129598000,1150715000,1760710000,778512000,-0.4504955614552691,-54.25308965143126
GCBC,2018-09-30,Q1,4380000,99641000,1187873000,10997000,0.1758312341305286,-14.803346395530578
IONS,2018-09-30,Q3,-87747000,710550000,2247913000,407559000,-0.49396664555625924,17.97842539573292
SIGA,2018-09-30,Q3,369416894,52473805,143727321,475484474,28.160099615417636,-21.05263352141582
DVA,2018-09-30,Q3,434883000,3824649000,19357789000,8583727000,0.45482134439003424,-23.93301053699334
VEEV,2018-10-31,Q3,64085000,1138305000,1397281000,224731000,0.22519447775420473,61.16037622311473
GM,2018-09-30,Q3,5936000000,38061000000,225711000000,108650000000,0.6238406768082815,9.415196883548562
CVSI,2018-09-30,Q3,7100217,25754502,31037379,34020341,1.10275353023716,-60.441766645279216
TEVA,2018-09-30,Q3,771000000,17730000000,65061000000,14295000000,0.1739424703891709,-67.75395912621032
JJSF,2018-09-29,FY,103596000,759091000,932013000,1138265000,0.1364737561109274,28.24120194069305
NBHC,2018-09-30,Q3,44216000,673065000,5585104000,163611000,0.2627740262827513,-6.159227801858182
PEBO,2018-09-30,Q3,32358000,504290000,4003089000,110626000,0.2566618414007813,-6.9266618912638105
FTEK,2018-09-30,Q3,-924000,33301000,50680000,40708000,-0.11098765802828744,-26.92307515962583
FFIN,2018-09-30,Q3,112202000,995739000,7571231000,215209000,0.4507285543701713,15.805785151107457
WMK,2018-09-29,Q3,49492000,1017545000,1424263000,2616282000,0.19455454058542865,-11.139473706342676
GRST,2018-09-30,Q3,-6541761,-6832665,12550325,450366,3.829698075348345,-33.749999301508055
GAHC,2018-09-30,Q3,6777087,-7446206,789111,418925,-3.640558426667218,-37.93103374449262
CLDT,2018-09-30,Q3,31044000,812863000,1405086000,250531000,0.15276374985698696,-11.881671499633839
INRD,2018-09-30,Q3,584982,2416401,6711859,8814767,0.9683525209598903,72.22222148636239
GTES,2018-09-29,Q3,188600000,1937800000,6718700000,2555500000,0.3893074620703891,-47.723707733914196
DG,2018-11-02,Q3,1106231000,6355888000,13121021000,18975234000,0.6961928844561137,42.61504636054686
PKG,2018-09-30,Q3,533400000,2530200000,6500000000,5268100000,0.8432534977472137,-3.9825465985825197
CLBK,2018-09-30,Q3,7869000,947046000,6567853000,164508000,0.033235977977838456,-3.9609971028292223
FSBW,2018-09-30,Q3,12630000,133129000,1191331000,42593000,0.3794815554837789,-5.049756632008882
SPSC,2018-09-30,Q3,16731000,310571000,368460000,183051000,0.21548695789368616,-5.318381048900879
DHIL,2018-09-30,Q3,44239522,223991194,346142760,111181363,0.7900225220461122,-18.143331655650993
MS,2018-09-30,Q3,7325000000,78703000000,865517000000,9781000000,0.37228568161315323,-8.127816488768813
BURL,2018-11-03,Q3,230394000,193383000,3206914000,4651568000,4.765548160903492,10.701513466977582
PTN,2018-09-30,Q1,-5682056,25172893,33632798,34505,-0.9028848611083359,-9.183673469387756
MRVL,2018-11-03,Q3,81604000,7575279000,10232025000,2120992000,0.04308963405836273,46.67444740302345
PNRG,2018-09-30,Q3,7013000,103142000,248203000,80256000,0.2719745593453685,60.3185663331501
PRA,2018-09-30,Q3,71507000,1586895000,4653442000,706549000,0.18024380945179108,-11.854772176139553
EBMT,2018-09-30,Q3,3538000,91992000,839967000,25758000,0.1538394643012436,-6.314652704224648
UBSI,2018-09-30,Q3,192392000,3251128000,19187643000,530215000,0.23670799796255332,6.821354753937099
TKR,2018-09-30,Q3,244700000.0,1579900000.0,4499500000.0,2670700000.0,0.6195328818279638,-13.941819781298845
STRS,2018-09-30,Q3,-5099000,122637000,488056000,58998000,-0.16631196131673148,-5.907036638948749
JRVR,2018-09-30,Q3,52198000,697408000,3035434000,671077000,0.29938285766724787,22.746984642672253
NFBK,2018-09-30,Q3,30132000,654420000,4286415000,108344000,0.1841753002658843,6.078427058220819
PRU,2018-09-30,Q3,3239000000,46725000000,822748000000,3073000000,0.27728196896736224,-11.233628105737084
PRAA,2018-09-30,Q3,57408000,1104411000,3656763000,10230000,0.20792259403428615,-5.615497948294445
ACGL,2018-09-30,Q3,671497000,9355148000,32252534000,4098548000,0.28711336261061826,43.46639373338025
PTEN,2018-09-30,Q3,-120172000,3755427000,5819942000,2531060000,-0.12799822763163815,-51.57126676636542
FLL,2018-09-30,Q3,-3382000,60623000,182390000,123186000,-0.22314962967850485,-28.76712776165459
TPHS,2018-09-30,Q3,-5703000,61992000,230010000,2368000,-0.36798296554394117,-30.213466444758613
SMMF,2018-09-30,Q3,20622000,213556000,2138727000,70096000,0.38625934181198374,13.92625205236512
CRS,2018-09-30,Q1,31500000,1490700000,3007700000,572400000,0.08452404910444758,-12.15271429340517
CENX,2018-09-30,Q3,-1200000,833500000,1613700000,1406300000,-0.005758848230353929,-44.65617235099767
EVRI,2018-09-30,Q3,8153000,-113215000,1534241000,350013000,-0.28805370313121054,-2.0524549119770614
TOFB,2018-09-29,Q3,320000,3563000,4547000,10058000,0.3592478248666854,-32.96296626615584
OXY,2018-09-30,Q3,3425000000,21489000000,44957000000,13062000000,0.6375354832705105,-45.69950573673036
KMX,2018-08-31,Q2,459546000,3482118000,18176505000,9558627000,0.5278925068018947,6.700827063479883
IBCP,2018-09-30,Q3,29903000,345204000,3297124000,94352000,0.34649656435035514,-11.245317522702889
WOR,2018-08-31,Q1,56958000,919519000,2610175000,988107000,0.24777302045960986,-25.504509405026866
ATNM,2018-09-30,Q3,-17334216,11580092,15702316,0,-5.98759180842432,-69.00269530808522
DQWS,2018-09-30,Q3,-286247,273893,433915,168442,-4.18042082126962,3.9999961853027344
FATE,2018-09-30,Q3,-50571000,173929000,219954000,3079000,-1.163026292337678,-4.799998356745793
PMT,2018-09-30,Q3,111173000,1558563000,7267578000,267165000,0.28532179963209703,10.696515312071172
AXDX,2018-09-30,Q3,-66135000,77406000,200656000,3848000,-3.4175645298814046,-13.764812118678051
RSSS,2018-09-30,Q1,-177888,3137853,9439176,6952521,-0.22676396886661038,1.6326514724293246
DGLY,2018-09-30,Q3,-10216702,3337125,18966204,8913122,-12.246112447091434,-58.275860753552664
ESMC,2018-09-30,Q1,-47736,2364519,5446046,2022383,-0.08075384465085711,-53.57143047208688
EVR,2018-09-30,Q3,250695000,668086000,1705607000,1306919000,1.5009744254482207,-20.293524729198975
ADC,2018-09-30,Q3,45460000,1065871000,1748634000,107493000,0.17060225862229106,38.67277483806995
BMMJ,2018-10-31,Q1,-211794,10647742,15557377,1325978,-0.07956391129687403,64.44445092001096
TFX,2018-09-30,Q3,110212000,2507065000,6200720000,1806768000,0.17584226974569866,26.410544300258948
RVP,2018-09-30,Q3,-1190407,25818382,37074617,25011066,-0.18442782355610046,48.64864995481323
ADUS,2018-09-30,Q3,12701000,267810000,430778000,378315000,0.18970165415779844,13.440788968788869
MRMD,2018-09-30,Q3,-18221647,36501628,57133499,8411858,-1.9968037589994616,-75.2631576470721
HD,2018-10-28,Q3,8777000000,1320000000,45200000000,81712000000,26.596969696969698,35.32333083865636
COHR,2018-09-29,FY,247358000,1314464000,2259969000,1902573000,0.18818164666358303,-22.09826024926726
TXHG,2018-09-30,FY,-55200,-1995997,2135755,3840095,0.027655352187403087,-36.00000018626452
PROV,2018-09-30,Q1,1823000,121680000,1157480000,11000000,0.05992767915844839,14.474403685875112
DK,2018-09-30,Q3,224000000.0,1897100000.0,6158700000.0,7411900000.0,0.4722998260502873,-15.746746913319761
ATLO,2018-09-30,Q3,12812850,168629809,1448252267,36253608,0.3039284709146531,6.6100477125938335
OIS,2018-09-30,Q3,-4769000,1449675000,2044796000,814015000,-0.013158811457740527,-61.68168011643419
NTRS,2018-09-30,Q3,1146500000,10364500000,132378500000,1672800000,0.44247189927155195,-10.148566371608467
FFIC,2018-09-30,Q3,42668000,541756000,6539543000,189565000,0.3150348127201175,-13.900586642276599
MTW,2018-09-30,Q3,11200000,678300000,1590500000,1331500000,0.06604747162022703,-50.06180611058849
ADVM,2018-09-30,Q3,-56968000,215553000,225907000,1542000,-1.0571506775595794,-8.121826329931949
TMUS,2018-09-30,Q3,795000000,24355000000,70182000000,10839000000,0.1305686717306508,10.405690474866548
BLIN,2018-09-30,FY,-7219000,4424000,11000000,13568000,-1.6317811934900543,-96.10204088444613
MNTX,2018-09-30,Q3,-2330000,99314000,234441000,181517000,-0.09384376825019634,-33.29875934296591
HBAN,2018-09-30,Q3,1059000000,10934000000,105652000000,2893000000,0.38741540149990855,-3.884795122910923
OPHC,2018-09-30,Q3,1417000,5795000,98118000,3160000,0.9780845556514236,-38.04781061927754
NRIS,2018-08-31,Q2,-411571,1018969,2862482,273963,-1.6156369820867955,-51.00000201165673
SJW,2018-09-30,Q3,29944000,474957000,1536868000,298981000,0.25218282918243123,13.36658472413873
HAE,2018-09-29,Q2,15907000,701338000,1265711000,470928000,0.09072373092574479,6.473465857461084
SMLR,2018-09-30,Q3,3626000,2312000,7043000,15526000,6.273356401384083,12.81081534720756
D,2018-09-30,Q3,1887000000,18470000000,79082000000,10005000000,0.40866269626421226,15.534949538791661
ODP,2018-09-29,Q3,118000000,2197000000,6472000000,8345000000,0.21483841602184797,-46.64536367411174
NFX,2018-09-30,Q3,429000000,1871000000,5676000000,1970000000,0.917156600748263,-41.13793208681304
NUS,2018-09-30,Q3,139646000,832134000,1746237000,1995721000,0.6712668873042082,-48.379600321223926
EVBG,2018-09-30,Q3,-37710000,47723000,254588000,105266000,-3.160740104352199,8.098094791592214
RH,2018-11-03,Q3,114512000,32020000,1843325000,1834762000,14.305059337913804,41.395943611191925
MPB,2018-09-30,Q3,5947000,221835000,2044280000,46283000,0.10723285324678251,-10.495325938916617
GRTS,2018-09-30,Q3,-47436000,72691000,113201000,96000,-2.610281878086696,-37.17472171676695
MFON,2018-09-30,Q3,-2998242,3982241,11857971,9620935,-3.011612807964159,-36.87500153668222
CREG,2018-09-30,Q3,-4401761,190067263,277916146,0,-0.0926358580751489,-67.79661109412547
DOMO,2018-10-31,Q3,-124436000,66859000,296530000,103056000,-7.444682092164107,0.06161570649347047
GWW,2018-09-30,Q3,603573000,1937703000,5932183000,8458042000,1.2459556495500084,-17.13764319259129
TRMB,2018-09-28,Q3,196500000,2648400000,5782200000,2322900000,0.2967829632985954,-12.05705930546527
ORA,2018-09-30,Q3,79746000,1305695000,3059583000,528802000,0.2443020766718108,36.121325321160334
LCNB,2018-09-30,Q3,9652000,213515000,1620299000,38750000,0.18082101960049646,-5.615555560590553
REGI,2018-09-30,Q3,273242000,782095000,1141238000,1867155000,1.3974875175010708,-47.88074658996348
WVE,2018-09-30,Q3,-108766000,106606000,324577000,10794000,-4.081046094966513,-56.86149870258288
SNDX,2018-09-30,Q3,-55124000,64274000,96467000,1138000,-3.430562902573358,-8.076013052426037
STAF,2018-09-29,Q3,-5095000,-7087000,98885000,186835000,2.875687879215465,-47.88732638202777
MRZM,2017-12-31,FY,-570506,2166812,2819482,101175,-0.2632928006675245,9400.00009313226
AKBA,2018-09-30,Q3,-83534000,142541000,403826000,147892000,-2.344139580892515,-51.58637162457015
ELST,2018-09-30,Q3,-68450,2000941,2080728,1062346,-0.13683561884133516,-23.636367675686586
USAP,2018-09-30,Q3,10079000,236094000,351252000,198864000,0.1707624929053682,-39.9920704795194
WDDD,2018-09-30,Q3,-570175,-1871989,2667670,0,1.2183298085619092,-4.615382675588413
JACK,2018-09-30,FY,121371000,-591699000,823397000,869690000,-0.20512287497528303,9.0284449691748
MMC,2018-09-30,Q3,1511000000,7538000000,21129000000,11238000000,0.8018041920933935,19.587634051720748
UNP,2018-09-30,Q3,4412000000,20645000000,59312000000,17075000000,0.8548316783724873,-0.9799151433030587
OSS,2018-09-30,Q3,-1384997,26330380,30759764,22645715,-0.21040288822265382,-17.857144962487393
SKVI,2018-09-30,Q3,335969,-5075291,228076,56591,-0.26478796979325914,-89.47368392158413
NTRA,2018-09-30,Q3,-96313000,56571000,277309000,190689000,-6.810061692386559,31.87039636004641
FTV,2018-09-28,Q3,801500000.0,5830300000.0,13862800000.0,5436800000.0,0.5498859406891584,-18.527316621777633
VMI,2018-09-29,Q3,82151000,1057217000,2563078000,2059781000,0.31081982223138677,-0.7100885856879736
THRM,2018-09-30,Q3,29270000,550321000,845029000,784607000,0.2127485594771052,-9.464560054193958
AMRN,2018-09-30,Q3,-82776000,-52826000,210287000,151884000,6.267822663082573,-5.48971322782511
AGCO,2018-09-30,Q3,186100000,2906100000,7917100000,6759800000,0.25615085509789753,27.647452941733697
KALU,2018-09-30,Q3,68100000.0,762500000.0,1426000000.0,1196500000.0,0.3572459016393443,-10.118074063613076
MDU,2018-09-30,Q3,193490000,2521293000,6718193000,3321678000,0.30696947954878706,10.998036531051133
CUBI,2018-03-31,Q1,24142000,919088000,10769266000,96964000,0.10506937311769929,-36.313045335852586
RGLS,2018-09-30,Q3,-40146000,1578000,34768000,54000,-101.76425855513308,-70.41666706403097
OPY,2018-09-30,Q3,20609000,543538000,2356285000,714900000,0.15166556892066424,-3.407642381603002
BCO,2018-09-30,Q3,-63300000,223200000,3185300000,2581200000,-1.1344086021505377,19.236879735429056
FRPH,2018-09-30,Q3,122567000,369283000,507259000,16370000,1.3276213635612795,-21.601823851278102
MKTX,2018-09-30,Q3,127021000,578618000,646131000,323121000,0.8780991949783795,86.73298786290519
FVTI,2018-09-30,Q3,-197633,-320329,363271,73427,2.4678752157937622,58.94737243652344
APLE,2018-09-30,Q3,171934000,3552462000,4968458000,975300000,0.1935941890441052,-5.405397698107612
TEX,2018-09-30,Q3,146700000,974100000,3339400000,3891900000,0.6024022174314753,-36.284074836744985
FNB,2018-09-30,Q3,272731000,4524864000,32617595000,864859000,0.24109542297845857,-8.70253442715147
SNNF,2018-09-30,Q3,573000,18680000,192729000,5655000,0.12269807280513918,0.10940125636674097
UPS,2018-09-30,Q3,4338000000,3098000000,46689000000,52013000000,5.601032924467399,1.2685151331373525
DYSL,2018-09-30,FY,1590000,21029000,31532000,40681000,0.07560987208141139,-27.906974057839978
GLDD,2018-09-30,Q3,1407000,224435000,750306000,501505000,0.025076302715708335,65.58965921242063
FSTR,2018-09-30,Q3,7889000,155088000,370546000,339176000,0.2034715774270092,7.2289183159758545
BDSI,2018-09-30,Q3,-26859000,35570000,115516000,37611000,-3.0204104582513356,53.57143799869398
CBT,2018-09-30,FY,-74000000,1154000000,3244000000,3242000000,-0.06412478336221837,-28.87649232172871
DGII,2018-09-30,FY,1303000,330280000,371125000,228366000,0.0039451374591255904,5.042015582265884
RDGL,2018-09-30,Q3,-33825569,-34697109,11731,0,3.8995259230387176,-75.26554514844172
OMI,2018-09-30,Q3,-175191000,792413000,4032281000,7295727000,-0.8843418772786413,-65.31365444591113
HOG,2018-09-30,Q3,530956000,2152972000,10503800000,4013013000,0.9864615053052246,-21.77437482838041
RMCF,2018-08-31,Q2,1327759,20668527,27530214,16166173,0.25696248213527745,-8.627452263690953
FE,2018-09-30,Q3,1210000000,6873000000,39443000000,8551000000,0.7042048595955187,30.856532022586393
MELI,2018-09-30,Q3,-34249000,341752000,2018351000,1011634000,-0.40086378426461294,62.86806684000561
AZZ,2018-08-31,Q2,26962000,585925000,1038024000,485023000,0.18406451337628535,-23.218603799509445
NPHC,2018-09-30,Q3,-6406261,-5361923,251763,104323,4.779077207934542,-50.0
PIXY,2018-08-31,FY,-16576479,-8739901,15801832,34958748,1.8966437949354347,-85.74850299401197
INO,2018-09-30,Q3,-64005625,103612905,140696347,27979273,-2.4709518568174493,-60.56074626415152
AFTM,2018-03-31,Q3,-164560,-6564706,1095215,901658,0.10026953225323419,-71.42857218883475
SNBR,2018-09-29,Q3,42549000,-54352000,470068000,1119750000,-3.131365911098028,12.312477352598075
EOSS,2018-09-30,Q3,307225,918914,1199033,770432,1.3373395116409152,-33.33333333333333
NYMT,2018-09-30,Q3,95286000,1107693000,12326911000,326863000,0.3440881182782594,0.6622510282393388
MADI,2018-09-30,Q3,-15843,-1000,0,0,63.372,17.33333532015487
FCFS,2018-09-30,Q3,105131000,1311728000,2116480000,782000000,0.32058780478879767,11.723961978706008
POST,2018-09-30,FY,468400000,3050400000,13057500000,6257200000,0.15355363231051666,7.182208343650684
VOXX,2018-08-31,Q2,-25054000,432909000,550228000,209722000,-0.231494378726245,-18.518518191469717
BA,2018-09-30,Q3,7036000000,-1289000000,114659000000,72786000000,-21.83397982932506,0.14909539718552403
INVH,2018-09-30,Q3,-30727000,8421128000,18476648000,86566000,-0.014595194373010361,30.268373104587994
INTZ,2018-09-30,Q3,1437000,-1950000,2507000,7296000,-2.9476923076923076,77.0751015705565
ENTA,2018-09-30,FY,71956000,393679000,414227000,206625000,0.18277835495416317,-28.33194823223184
ACU,2018-09-30,Q3,4007000,52491000,115183000,106191000,0.3053475833952487,-4.92108323229876
BDC,2018-09-30,Q3,117220000,1389826000,3714912000,1929978000,0.3373659724310813,-25.352308477842232
ALRM,2018-09-30,Q3,13596000,264741000,427360000,309092000,0.20542341382709894,-18.309608499180385
BW,2018-09-30,Q3,-491532000,-55530000,969352000,839476000,35.40659103187466,-53.163264660674415
LEG,2018-09-30,Q3,253000000,1165500000,3549100000,3222800000,0.8682968682968683,-6.211328977368257
WIRE,2018-09-30,Q3,53120000,694901000,799043000,968956000,0.30577017445650534,15.098558104871387
RRTS,2018-09-30,Q3,-107159000,5885000,847296000,1664594000,-72.83534409515718,-48.4102542583759
AMZN,2018-09-30,Q3,2883000000,39125000000,143695000000,56576000000,0.29474760383386583,-13.915167846219035
DNOW,2018-09-30,Q3,36000000,1217000000,1861000000,2363000000,0.11832374691865243,-31.193219265953825
MSFT,2018-09-30,Q1,8824000000,85967000000,257619000000,29084000000,0.41057615131387626,19.133288643203162
SBAC,2018-09-30,Q3,-9702000,-3145083000,7213823000,1381846000,0.012339260998835325,50.47334821111323
NSP,2018-09-30,Q3,110758000,151920000,1136677000,2861793000,2.91621906266456,-16.56738780417359
SRCE,2018-09-30,Q3,60968000,750437000,6293169000,188799000,0.32497331554814063,-10.613983011556767
SPGI,2018-09-30,Q3,1570000000,905000000,9383000000,4721000000,6.939226519337017,23.53944214400789
SPXC,2018-09-29,Q3,42000000,369700000,2106400000,1093600000,0.45442250473356777,22.158221238785583
SRRK,2018-09-30,Q3,-34360000,102343000,109018000,0,-1.3429350321956557,-61.16071456217368
CHCT,2018-09-30,Q3,6288000,279317000,415300000,36436000,0.09004822477686643,43.08943089430895
HFUS,2018-10-31,Q1,-3749,-4567,26768,0,3.2835559448215457,53.333330154418945
DSKE,2018-09-30,Q3,14869000,468516000,1406534000,1166069000,0.12694550452919431,-68.04878114022932
ORLY,2018-09-30,Q3,1024130000,498379000,7894714000,7221471000,8.219688229239193,14.08410329659215
STWC,2018-10-31,Q3,-1124264,-338116,993273,143749,13.300334796342083,-90.62499976716936
HONE,2018-09-30,Q3,11283000,353345000,2852800000,78785000,0.12772785804242312,-3.6479190081735147
PWOD,2018-09-30,Q3,10515000,140538000,1670348000,42510000,0.2992784869572642,6.1719857046733875
HZO,2018-09-30,FY,39312000,353092000,640538000,1177371000,0.11133642223556467,-25.37897476983573
EDUC,2018-08-31,Q2,3307300,23443100,67245800,54703300,0.5643110339502881,-50.999999046325684
RGA,2018-09-30,Q3,605803000,8579323000,62972642000,9597146000,0.2824479274180492,11.787664915105575
ABG,2018-09-30,Q3,127600000,481000000,2516300000,609900000,1.0611226611226612,47.90506288438271
AGEN,2018-09-30,Q3,-113195480,-130407976,130475239,30333093,3.472041618067901,17.69908850237622
XDSL,2018-06-30,FY,313904,-3992469,1061,0,-0.07862402939133654,70.00000476837158
FICO,2018-09-30,FY,142415000,263737000,1255079000,1032475000,0.5399887008648767,31.437116710718392
NWFL,2018-09-30,Q3,10352000,116680000,1156748000,31251000,0.35488515598217346,-19.201028355884127
LL,2018-09-30,Q3,2497000,203507000,443235000,721822000,0.04907939284643772,-37.66149932885476
HDSN,2018-09-30,Q3,-13880000,76552000,241011000,40545000,-0.7252586477165848,-47.24409238175659
UNH,2018-09-30,Q3,9218000000,52596000000,151087000000,167830000000,0.7010419043273253,-20.00743603698354
ROIC,2018-09-30,Q3,35573000,1202849000,3014535000,220640000,0.11829581269136857,-0.4893972570687027
LUNA,2018-09-30,Q3,10064405,61090021,73794579,29378922,0.6589884786584048,75.54858320322455
F,2018-09-30,Q3,3807000000,36590000000,258966000000,8950000000,0.4161792839573654,-2.5751049246433544
PETV,2017-03-31,FY,-16521698,-13483814,1896937,7124,1.2252985690843852,249.9999295920233
FLNT,2018-09-30,Q3,-19575000,202659000,285707000,179459000,-0.3863632999274644,31.88406314568101
FMBM,2018-09-30,Q3,6175000,92661000,775605000,27033000,0.2665630632089013,-27.77777777777778
CZWI,2018-09-30,FY,4283000,135847000,975409000,38896000,0.031528116189536756,-20.71941899140225
OCLR,2018-09-29,Q1,10229000,604871000,727040000,131658000,0.06764417536962426,-7.399101365101379
NEU,2018-09-30,Q3,171931000,564072000,1839927000,1751363000,1.2192131500943142,15.913173832790164
AKTS,2018-09-30,Q1,-7307699,9140008,24617111,313021,-3.198114925063523,-7.734472910248096
MCRI,2018-09-30,Q3,26839000,292652000,425818000,180536000,0.3668384292606919,-8.673582401373324
AWR,2018-09-30,Q3,50082000,554161000,1465042000,71429000,0.36149783185752876,50.574325633025744
ESIO,2018-09-29,Q2,47978000,316401000,392872000,196541000,0.6065467555412277,72.55466754461774
TWIN,2018-09-28,Q1,2903000,177940000,340757000,74689000,0.06525795211869169,-53.298611973446796
MIDD,2018-09-29,Q3,222313000,1573633000,4578609000,1966259000,0.5650949109481055,-7.317457663814812
NOG,2018-09-30,Q3,-74603028,11209973,1068949402,235728582,-26.62023467853134,-53.84615726617996
PRGS,2018-08-31,Q3,45061000,305472000,625432000,285832000,0.5900508066205741,-7.6960701255616035
DCO,2018-09-29,Q3,8362000,255557000,642565000,465124000,0.13088273848886942,5.565259693586606
FCBC,2018-09-30,Q3,27034000,338402000,2269688000,72913000,0.3195489388360589,-1.5105740877629348
HTLD,2018-09-30,Q3,50237000,595039000,813515000,463800000,0.3377055957676724,9.639179773216243
AXP,2018-09-30,Q3,-21429000,9600000,30266000,5790000,-8.92875,9.907316645818408
REGN,2018-09-30,Q3,1624047000,7868300000,10805613000,4783003000,0.8256151900664692,-30.63440533842014
AMNB,2018-09-30,Q3,17577000,216066000,1806491000,50877000,0.32540057204742995,-9.332655251641265
AXIM,2018-09-30,Q3,-5775754,-6202685,791690,28646,3.7246798765373383,-59.49720450880177
LYV,2018-09-30,Q3,225525000,1317389000,8511699000,8185945000,0.6847635740088919,22.62476563585223
WSR,2018-09-30,Q3,1906000,-219000,87844000,12991000,-34.81278538812786,0.5822410847066868
DBA,2018-09-30,Q3,-72709544,543764412,544153235,8486426,-0.5348606300479996,-7.800580818448369
HEES,2018-09-30,Q3,51563000,240408000,1723976000,892987000,0.8579248610695152,-21.307905829990275
IINX,2018-06-30,FY,326260,398415,1324207,6422807,0.8188948709260444,-28.800001144409183
NVT,2018-09-30,Q3,163800000,2715600000,4583100000,1645500000,0.2412726469288555,-20.508166152432537
HMST,2018-09-30,Q3,24800000,714782000,7029082000,198536000,0.13878357317335915,4.6112843078341506
MNKD,2018-09-30,Q3,-77224000,-205441000,45356000,11827000,1.503575235712443,-29.378530312430712
LEDS,2018-08-31,FY,-2981000,5003000,14250000,7495000,-0.5958424945032981,-36.090226911745034
NVEC,2018-09-30,Q2,8227659,85147399,85863363,14613981,0.386513697265139,-36.36887233360127
NVDA,2018-10-28,Q3,3575000000,9475000000,13657000000,9511000000,1.5092348284960422,10.192866429610962
CRM,2018-10-31,Q3,105000000,14693000000,26588000000,3392000000,0.028585040495474036,15.33080183910428
ALDA,2018-09-30,Q3,-344912,-2301713,0,0,0.5994005334287985,-42.500001192092896
DSNY,2018-08-31,FY,656270,2516776,2962422,3606471,0.26075820812023,2.5641000560833844
JOB,2018-09-30,FY,-7564000,21102000,133601000,165284000,-0.3584494360724102,-70.93023169850879
FLGT,2018-09-30,Q3,-3554000,52580000,54846000,15678000,-0.2703689615823507,183.37949693942522
USB,2018-09-30,Q3,5262000000,50375000000,464607000000,11862000000,0.41782630272952853,4.921443089166722
PEBK,2018-09-30,Q3,9946000,119719000,1100292000,33426000,0.3323114960866696,0.5910990088352818
BWXT,2018-09-30,Q3,205224000,392452000,1735704000,1321891000,2.0917105786185317,-8.277832392997775
HTBI,2018-09-30,Q1,7790000,414195000,3353959000,32280000,0.0752302659375415,-9.05291969457716
IGXT,2018-09-30,Q3,-2944000,448000,11047000,700000,-26.285714285714285,-48.76033179983559
GBCI,2018-09-30,Q3,132279000,1492612000,11909102000,343686000,0.3544899813213347,-4.714757393516705
PBYI,2018-09-30,Q3,-82880000,45913000,230723000,179912000,-7.220612898307669,-75.87027060019004
INQD,2017-09-30,Q3,-3441157,-230225,147765,4245,59.78772070800304,-45.37815224262063
LFUS,2018-09-29,Q3,131900000,1519266000,2663486000,1316187000,0.347272959442257,-9.143500969092848
ALV,2018-09-30,Q3,274500000,2040400000,6760500000,6485400000,0.5381297784748088,-9.86697406641183
BWB,2018-09-30,Q3,19159000,210852000,1885793000,61238000,0.3634587293457022,-8.268931449165656
UPLD,2018-09-30,Q3,-12641000,89235000,327493000,104705000,-0.5666386507536281,3.854455714576425
HAFC,2018-09-30,Q3,46484000,567748000,5487042000,172440000,0.3274974108231117,-23.28711617137574
CWCO,2018-09-30,Q3,9317885,153469042,172502559,50032798,0.24286031576322734,21.704294549094712
EYPT,2018-09-30,Q1,-33126000,47705000,88855000,486000,-2.7775704852740803,-49.00849748148926
ALKM,2016-06-30,Q2,579842,-3546434,245564,47670,-0.6540000462436352,3.4482820911885246
FBIZ,2018-09-30,Q3,12239000,177542000,1894330000,66754000,0.2757432044248685,6.479857847411777
NVAX,2018-09-30,Q3,-135414000,-126679000,250478000,28161000,4.275815249567805,-84.83871034727383
FDBL,2018-09-30,Q3,-2891329,-10007222,45798,5709,1.1556969556586234,-88.79999967187499
CPK,2018-09-30,Q3,38779000,508298000,1505556000,516299000,0.3051674411467289,16.968877735918827
GWTI,2018-09-30,Q3,-1513005,-3180038,58248,0,1.9031282016126851,22.22221670327385
FLIC,2018-09-30,Q3,31483000,380270000,4249995000,102109000,0.33116469876666577,7.09948841007301
EBTC,2018-09-30,Q3,22381000,241985000,2890604000,90439000,0.3699568155050933,-12.930784089375603
ROCK,2018-09-30,Q3,50692000,582875000,1053787000,761459000,0.3478756165558653,2.0226712902028083
IIPR,2018-09-30,Q3,4319000,151090000,166212000,10004000,0.1143424449003905,103.91905496909608
CFFN,2018-09-30,FY,98927000,1391622000,9449547000,321892000,0.07108755107349553,9.976248752691411
JCTCF,2018-08-31,FY,2920639,21373411,23627563,53923152,0.13664824018964497,-7.373275585498877
QUAD,2018-09-30,Q3,28500000,495700000,2533800000,2431200000,0.2299778091587654,-48.91411517994366
MCK,2018-09-30,Q2,473000000,9326000000,61421000000,105682000000,0.2028736864679391,2.4259305300768337
PHM,2018-09-30,Q3,784375000,4728878000,10055080000,7189181000,0.6634766217271835,46.552418741384926
BYLG,2018-09-30,Q2,-27611,-19790,0,0,5.580798383021728,-23.07692025540133
INTC,2018-09-29,Q3,15858000000,71483000000,128242000000,52191000000,0.8873718226711246,9.321847029574538
C,2018-09-30,Q3,13732000000,197004000000,1925165000000,52052000000,0.27881667377312136,-3.4338957461750406
OII,2018-09-30,Q3,-148188000,1496119000,2923699000,1414387000,-0.3961930835715608,-51.17474191451171
RSG,2018-09-30,Q3,736500000.0,7921600000.0,21402100000.0,7510900000.0,0.3718945667541911,18.92413961476293
UNTY,2018-09-30,Q3,16117000,133067000,1553152000,49204000,0.48447774429422774,-1.866667005750868
VRA,2018-11-03,Q3,12138000,289882000,353009000,297904000,0.16748884028673736,-15.527489945502401
ZGSI,2018-09-30,Q3,-4115515,-3813658,710176,44705,4.316606260970438,-27.49999761581421
QNTO,2018-09-30,Q3,1481000,23550000,258955000,8947000,0.25154989384288745,-4.086019373603457
LPCN,2018-09-30,Q3,-8434543,11761939,22685391,428031,-2.8684192291764137,103.6496283413815
CXW,2018-09-30,Q3,117968000,1422075000,3584032000,1353573000,0.33181934848724576,-26.50353021664189
UBOH,2018-09-30,Q3,5785000,76956000,815153000,25210000,0.30069130412183587,-11.572050928708054
HFWA,2018-09-30,Q3,36448000,746133000,5276214000,144494000,0.19539679923016406,-22.706286689358944
SBH,2018-09-30,FY,258047000,-268556000,2097414000,3932565000,-0.9608684967008743,-15.354550661246147
KFS,2018-09-30,Q3,-14513000,21331000,471780000,40143000,-2.7214851624396417,-13.38582359352748
IP,2018-09-30,Q3,1699000000,7040000000,33803000000,17355000000,0.9653409090909091,-16.629973508372732
NCSM,2018-09-30,Q3,16813000,372825000,465776000,176775000,0.18038489908133842,-88.0766924228453
LTRX,2018-09-30,Q1,-83000,34700000,44798000,12279000,-0.00956772334293948,-16.708236320957763
MDB,2018-10-31,Q3,-91730000,197245000,670670000,170697000,-1.86022459377931,62.78527382692677
TTD,2018-09-30,Q3,48705000,337014000,873713000,316826000,0.5780768751446528,28.73466783501514
ALB,2018-09-30,Q3,593090000,3528844000,7487195000,2453251000,0.6722768135967473,-32.427606243332605
DKGH,2018-09-30,Q3,576391,1329930,1604468,1131446,1.7335980089177625,-98.91119685486301
GAXY,2018-09-30,Q1,-631453,307817,7212813,719419,-8.205563695312474,-76.9648567175332
WCC,2018-09-30,Q3,167289000,2231837000,4778791000,6165154000,0.29982297094277044,-21.644019456852607
VBTX,2018-09-30,Q3,29516000,517212000,3275846000,106460000,0.22827003240450724,-12.719452728301295
ISTR,2018-09-30,Q3,10269000,178407000,1735315000,53964000,0.2302376027846441,-14.145452325994318
CASY,2018-10-31,Q2,136839000,1357079000,3545657000,5126437000,0.4033339252910111,31.488388328980506
WST,2018-09-30,Q3,154900000,1351800000,1946100000,1294900000,0.4583518271933718,14.528451314786587
MTDR,2018-09-30,Q3,155676000,1547166000,3154202000,620539000,0.4024804061102687,-50.78787948146011
NIMU,2018-07-31,FY,-445000,-3678000,110000,0,0.12098966829798803,-26.846150777748946
MNTR,2018-09-30,Q3,-154823,6700085,8157760,3279080,-0.09243046916568969,-74.6666669845581
GNBC,2018-09-30,Q3,41380000,490204000,4419874000,149263000,0.3376553434896492,-21.62780643839591
PRK,2018-09-30,Q3,84126000,809091000,7756491000,228634000,0.415903773493958,-8.426425566819068
PLAB,2018-10-31,FY,61236000,759671000,1110009000,535276000,0.08060857924022373,23.203288316118563
PRFT,2018-09-30,Q3,17083000,355004000,549269000,366672000,0.1924823382271749,46.14494628725478
SSD,2018-09-30,Q3,113876000,913419000,1094613000,836964000,0.4986802332773897,-5.199496521481895
AMSC,2018-09-30,Q2,17821000,70646000,105505000,27483000,1.0090309430116355,14.452558565523448
CINF,2018-09-30,Q3,739000000,8334000000,22480000000,4697000000,0.3546916246700264,53.588958362456864
PMCB,2018-10-31,Q2,-2251937,5404204,6066574,0,-1.666803843822328,-33.65384679096396
QSEP,2018-09-30,Q3,-2139000,-2014000,344000,0,4.248262164846078,25.00000465661298
KIM,2018-09-30,Q3,410516000,5378250000,11109521000,880561000,0.3053156695951285,27.75735766761177
AYTU,2018-09-30,Q1,-3446483,10130136,17984697,1431809,-1.3608832102550252,-53.93258426966292
MKL,2018-09-30,Q3,623021000,9783992000,33958305000,5798433000,0.2547103472692946,0.31057078021094725
BRC,2018-10-31,Q1,30637000,772943000,1073626000,293196000,0.1585472667454133,45.321414511301214
XELA,2018-09-30,Q3,-78116000,-93199000,1662346000,1186579000,3.3526539984334596,-84.0
KANP,2018-09-30,Q3,-1810000,84012000,110905000,4996000,-0.08617816502404418,1.5873015873015872
LOAN,2018-09-30,Q3,3119126,33359901,61161223,5223628,0.3739970331446727,-0.6289302046118699
BEGI,2018-09-30,Q3,-160774,102626,145472,0,-6.266404225050183,-86.27450948882588
TRNS,2018-09-29,Q2,2916000,54866000,102413000,75537000,0.2125906754638574,11.395239586595677
TAIT,2018-09-30,Q3,737000,12144000,13283000,5707000,0.2427536231884058,45.8333341094355
PVH,2018-11-04,Q3,586200000,5681200000,11830900000,7172800000,0.41272970499190315,-29.191233230458742
PHIL,2018-06-30,FY,-2026320,-4844747,27424139,432000,0.4182509427220864,-99.3006993145759
ZUO,2018-10-31,Q3,-56923000,156594000,293243000,171135000,-1.4540276128076426,-29.725757454188372
TYL,2018-09-30,Q3,115910000,1422126000,1864622000,693301000,0.3260189322183829,6.864056090238874
FTI,2018-09-30,Q3,335700000,12804800000,26660000000,9229900000,0.10486692490316131,-22.524828187105374
TDY,2018-09-30,Q3,242700000,2216800000,3913200000,2153400000,0.4379285456513894,30.62363016561805
CRBP,2018-09-30,Q3,-38365947,42870732,61181574,2894966,-3.579686672949741,-33.33333333333333
THST,2018-06-30,FY,-1081000,10232000,31182000,6483000,-0.10564894448788116,-19.13580623928174
HRTG,2018-09-30,Q3,23227000,390556000,1825327000,355293000,0.23788650027140795,0.8825534180646768
SFIX,2018-07-28,FY,44900000,315072000,481585000,1226505000,0.14250710948608572,-3.877047626756578
GLDG,2017-12-31,Q2,-2415591,-4348651,0,70211,2.221922154709587,-48.62385456554613
SITC,2018-09-30,Q3,-65222000,1970007000,4620092000,570679000,-0.13242998628938882,14.16728783657803
CLSH,2018-08-31,Q1,-16656940,28885788,35197970,1179353,-2.30659312461893,-80.23809473801089
ABCB,2018-09-30,Q3,77491000,1404977000,11428994000,290577000,0.22061855816856787,-10.354044848982243
CACC,2018-09-30,Q3,422100000,1963300000,6244100000,943000000,0.8599806448326797,7.12669564507344
WGO,2018-11-24,Q1,22161000,556478000,1029973000,493648000,0.15929470706838367,86.93466966189942
FSLR,2018-09-30,Q3,92210000,5170957000,7094555000,1552803000,0.0713291562857707,19.35483795597335
FZMD,2018-09-30,Q3,-2073082,-5007404,20096382,18506810,1.656013375393717,-41.66666997803569
CAR,2018-09-30,Q3,152000000,521000000,19741000000,7074000000,1.1669865642994242,-16.18902313858179
MNRO,2018-09-29,Q2,42405000,663341000,1263265000,602916000,0.2557055873223576,13.881635271130124
TPL,2018-09-30,Q3,147056000,195040000,219701000,207019000,3.0159146841673503,-27.079131649357425
TDS,2018-09-30,Q3,155000000,4542000000,9719000000,3777000000,0.13650374284456188,-16.606621317210063
DAR,2018-09-29,Q3,63800000,2254442000,4805211000,2534596000,0.11319874274876,0.425305294935832
ZBH,2018-09-30,Q3,523200000,12216800000,25382000000,5861900000,0.1713050880754371,2.734374482750734
BOH,2018-09-30,Q3,165691000,1253327000,16991734000,407155000,0.5288037359763255,9.396145076347514
FGH,2018-06-30,Q2,-967458,149198,634772,120916,-25.937559484711592,-36.03960599844126
FRTG,2018-09-30,Q1,-3000,-29070,216,0,0.41279669762641896,0.0
DLPN,2018-09-30,Q3,665145,14400088,40322728,16724619,0.18476137090273337,-64.34782691623853
CROX,2018-09-30,Q3,61323000,197033000,577946000,872216000,1.2449285145127973,30.76556872136993
RCAR,2018-09-30,Q3,-1562857,362173,1823006,0,-17.26088913309385,17.947081565144586
LYB,2018-09-30,Q3,3998000000,11044000000,28696000000,29441000000,1.4480260775081493,-14.744332787674699
AVNS,2018-09-30,Q3,59700000,1300200000,1844500000,482400000,0.18366405168435626,-43.82780592247931
QTWO,2018-09-30,Q3,-23534000,159989000,435101000,173923000,-0.5883904518435642,37.273677505724535
PURE,2018-07-31,FY,-7442000,1281000,2575000,1774000,-5.809523809523809,-44.64285695279131
ARC,2018-09-30,Q3,7071000,137904000,335364000,302371000,0.20509919944309085,-51.301118404690804
OLN,2018-09-30,Q3,274600000,2922900000,9227300000,5311100000,0.3757911663074344,-26.152026582385744
CCRN,2018-09-30,Q3,3626000,236607000,456938000,615577000,0.06129996153959942,23.150352671716284
CRWS,2018-09-30,Q2,2073000,39879000,54291000,35996000,0.20792898518017,3.157900196473647
MDLZ,2018-09-30,Q3,2569000000,25457000000,63918000000,19165000000,0.40366107553914443,29.32523236430705
DECK,2018-09-30,Q2,43965000,846787000,1423968000,752507000,0.20767914481445748,22.921678015969572
NTGR,2018-09-30,Q3,9510000,910178000,1533322000,1112379000,0.0417940227076462,-15.303934811051912
RMD,2018-09-30,Q1,105737000,1900256000,3067538000,588279000,0.22257422157856627,16.002438332537736
ISGN,2018-09-30,Q3,-812000,-4471000,298000,636000,0.7264594050547976,-10.000002384185791
CUZ,2018-09-30,Q3,58014000,2770218000,4143599000,352536000,0.08376813665928097,6.49828885289006
UHT,2018-09-30,Q3,19783000,203355000,487556000,57478000,0.3891323055739962,39.067415243870954
RMAX,2018-09-30,Q3,39299000,475859000,426078000,161785000,0.3303415507534795,-26.746047372479744
PFG,2018-09-30,Q3,1322000000,11700800000,258758300000,10466600000,0.4519349104334746,-2.098975382703329
FMHI,2018-09-30,Q3,-390282,246376,291752,15362,-6.336363931551775,5.872382064244825
NXEN,2018-09-30,Q1,-797563,973692,1025177,0,-3.2764488154365035,-82.66666623145812
REMI,2018-09-30,Q2,-239394,3012899,5246701,780488,-0.3178254564789593,-5.000002607703171
FIZZ,2018-10-27,Q2,89908000,417034000,544196000,553299000,0.8623565464686332,-50.40755452647206
ASH,2018-09-30,FY,114000000,3406000000,8252000000,3743000000,0.03347034644744568,-9.179427397671573
R,2018-09-30,Q3,164514000,2918398000,12684305000,6150866000,0.22548535189511507,-30.538104667538875
HMMR,2018-10-31,Q1,-513425,207395,4388646,47232,-9.902360230478074,10.000001862645192
MXSG,2018-09-30,Q2,-960766,237188,1250730,0,-16.202607214530246,21.308015401952918
MCBC,2018-09-30,Q3,19336000,183976000,1919273000,50542000,0.42040266121668046,-9.312443134366488
KBLB,2018-09-30,Q3,-674500,-3968558,180606,401620,0.6798439130787556,199.99998935631348
RGBD,2018-09-30,Q3,701056,17880508,27711006,30400766,0.15683133834899993,4.705877865062041
ENDV,2018-09-30,Q3,-7817953,-14081746,4711452,41132,2.220733991367264,-85.03253725867074
COLM,2018-09-30,Q3,161599000,1665365000,2299339000,1884728000,0.38814073791631265,3.504068424517761
ENG,2018-09-29,Q3,-2388000,18851000,24260000,41314000,-0.5067105193358442,-5.769225478877488
MODN,2018-09-30,FY,-28207000,40034000,166153000,154632000,-0.7045761103062397,69.0875154505889
ACAD,2018-09-30,Q3,-179700000,223440000,266456000,164236000,-3.2169709989258863,76.91196324973293
ARL,2018-09-30,Q3,28526000,136549000,1402438000,96099000,0.8356267713421556,-10.904873198376984
COOP,2018-09-30,Q3,1020000000,2078000000,17728000000,342000000,1.9634263715110682,-34.66183548449479
NEOG,2018-08-31,Q1,15237000,581626000,640926000,99626000,0.10478898811263596,-24.52911515355789
GEN,2018-09-30,Q3,-263431000,-1273396000,4391374000,3790703000,0.8274912124743599,13.035108057396236
WTM,2018-09-30,Q3,-50900000,2984000000,3422800000,363100000,-0.06823056300268096,14.54995754297931
FFIV,2018-09-30,FY,453689000,1285492000,2605476000,960108000,0.3529302399392606,-26.807416628242574
TRN,2018-09-30,Q3,135400000,4288300000,9405000000,2704500000,0.126297134062449,-25.32095396088718
RNST,2018-09-30,Q3,102500000,2010711000,12746939000,324749000,0.2039079708620483,-13.629630759910302
BY,2018-09-30,Q3,24072000,629861000,4917409000,144056000,0.15287182410087305,-19.388212121882926
TITN,2018-10-31,Q3,14341000,337580000,825210000,909219000,0.16992712838438295,17.61403669390762
AL,2018-09-30,Q3,372436000,4478918000,17567303000,1229721000,0.3326124747092936,-7.383730555406314
SNFCA,2018-09-30,Q3,22177886,172031508,1064249538,218164328,0.5156703270891516,-3.6033546777437273
CACI,2018-09-30,Q1,78833000,2189923000,4251155000,1165864000,0.14399227735404396,24.828532235939644
SUPN,2018-09-30,Q3,85100000,421936000,922512000,292963000,0.8067574229266998,-44.04155789780263
MTZ,2018-09-30,Q3,227406000,1487578000,4974806000,4991865000,0.611479868618654,47.26027653768664
EXP,2018-09-30,Q2,138942000,1432603000,2379512000,775255000,0.38794278666176185,3.7830285897583
GEVO,2018-09-30,Q3,-20874000,93224000,111366000,26238000,-0.89564918905003,-12.911392007762668
TDG,2018-09-30,FY,957062000,-1808471000,12197467000,3811126000,-0.5292105872861661,39.987028566420804
COKE,2018-09-30,Q3,10640000,372764000,3072424000,3510997000,0.11417411552617741,71.39604584531699
PZZA,2018-09-30,Q3,17451000,-290132000,551162000,1199335000,-0.24059393655301725,5.216155207928872
ATEC,2018-09-30,Q3,-18347000,24213000,131465000,66351000,-3.030933795894767,64.95177773254724
CTMX,2018-09-30,Q3,-52371000,157661000,482726000,48031000,-1.328698917297239,-58.624397868197185
HSIC,2018-09-29,Q3,423116000,2973135000,8390310000,9826793000,0.5692523212030399,-8.182387644826369
PEB,2018-09-30,Q3,112728000,1529391000,3076463000,593036000,0.2948310798219684,-23.27466224635035
JOE,2018-09-30,Q3,32035000,518595000,870600000,93974000,0.24709069697933841,3.4254790608875223
AGGG,2018-10-31,Q3,-15224,-22852,533,4820,2.6647995799054787,-98.49999994039536
BFST,2018-09-30,Q3,10646000,212961000,1678195000,54642000,0.199961495297261,-6.476193382626488
SCHW,2018-09-30,Q3,2572000000,20834000000,272102000000,7463000000,0.4938081981376596,-16.427849677059502
PLXS,2018-09-29,FY,13040000,921143000,1932642000,2873508000,0.01415632534796443,8.592259521778272
VNRX,2018-09-30,Q3,-13721146,15108136,20715894,0,-3.63278328974534,91.5789551175755
OKE,2018-09-30,Q3,862144000,6652758000,17911314000,8578891000,0.5183678708890358,6.308928638214427
MAXD,2018-09-30,Q3,-5011919,-16147699,42468,0,1.2415190548201325,0.0
UAVS,2018-09-30,Q3,-1605300,4993040,5957395,70838,-1.2860301539743322,-80.62500059604645
TTMI,2018-10-01,Q3,121102000,1174911000,3489226000,2136306000,0.4122933566882938,-22.63792355656528
COMM,2018-09-30,Q3,163500000,1755070000,6718296000,3510778000,0.37263470972667756,-60.67472375779042
REED,2018-09-30,Q3,-7665000,-4824000,14986000,28473000,6.355721393034826,-60.0
CREX,2018-09-30,Q3,-3728000,2834000,25281000,17246000,-5.2618207480592805,-79.52381074924133
NEPH,2018-09-30,Q3,-2661000,4067000,9404000,4075000,-2.6171625276616672,36.75213898148723
NHTC,2018-09-30,Q3,25476000,88218000,156292000,150320000,1.155138407127797,-67.7657263589301
OTEX,2018-09-30,Q1,36368000,3725907000,7619048000,667157000,0.0390433792362504,7.333863977209179
FLS,2018-09-30,Q3,60685000,1613039000,4605064000,2845798000,0.15048613207740172,-14.055045591581852
HEAR,2018-09-30,Q3,22986000,23425000,119523000,176118000,3.9250373532550693,-42.242706930960914
OTTW,2018-09-30,Q3,1425598,52647019,277736307,8143884,0.10831367299257723,-8.243724976730688
MGTI,2018-09-30,Q3,-18827000,136000,3960000,1954000,-553.7352941176471,-76.56960822012609
KTWO,2018-09-30,Q3,-38005000,230029000,421871000,212815000,-0.6608731942494207,0.7326035477244492
CVAT,2018-09-30,Q1,-256000,-801000,835000,55000,1.2784019975031211,-25.0
SBUX,2018-09-30,FY,4518000000,1169500000,24156400000,24719500000,3.863189397178281,58.99604144526369
RAIL,2018-09-30,Q3,-14912000,219322000,324503000,228684000,-0.2719654207056292,-70.3182383149217
RIG,2018-09-30,Q3,-1760000000,11962000000,23462000000,2270000000,-0.5885303460959705,-67.89510758304925
CPB,2018-10-28,Q1,194000000,1406000000,14587000000,2694000000,0.5519203413940256,23.596698313059488
ENZ,2018-10-31,Q1,-5981000,75670000,94183000,21260000,-0.31616228359984144,-2.4096363046584477
LASR,2018-09-30,Q3,11578000,213420000,261995000,145197000,0.2169993440164933,-30.779633677329393
VSTM,2018-09-30,Q3,-61085000,107613000,183155000,25508000,-2.2705435216934755,-80.67484624439047
METC,2018-09-30,Q3,21681041,137018504,196177594,26389,0.6329376067337591,-50.645994235075555
ZDPY,2018-09-30,Q3,-1882689,6059923,8289112,974416,-1.2427148001715533,-48.21428742487819
INND,2018-09-30,Q3,-2341296,-1710915,1643235,165715,5.473786833361096,-84.7200009834766
DSGT,2018-09-30,Q3,-9316119,-13888644,721583,1056905,2.6830895802354786,-62.99999952316284
FORM,2018-09-29,Q3,18936000,490051000,652472000,388788000,0.1545635046148258,39.26148383381949
KEYW,2018-09-30,Q3,-16779000,296125000,683579000,380572000,-0.22664753060363022,27.03619172391949
SENR,2018-09-30,Q3,-2875200,-1791500,3895400,3216600,6.419648339380408,-65.00000037252902
ECL,2018-09-30,Q3,1040100000,7929400000,19962600000,10907700000,0.5246803036799758,25.660737583135685
XEL,2018-09-30,Q3,1047000000,12165000000,44835000000,8657000000,0.3442663378545006,38.70968185893634
XCUR,2018-09-30,Q3,-17658000,25198000,35526000,112000,-2.803079609492817,-32.5
SINT,2018-09-30,Q3,-8958000,8090000,14397000,0,-4.429171817058096,-71.75141242937853
SRI,2018-09-30,Q3,41792000,269399000,559252000,655385000,0.6205219766962757,6.159672912675658
CWGL,2018-09-30,Q3,1092000,212805000,255323000,47331000,0.020525833509551,-18.757065002223086
DLOC,2018-09-30,Q3,803119,-8658591,36047,0,-0.3710160232767664,-56.00002712403439
MCO,2018-09-30,Q3,1066700000,400100000,8439100000,3382600000,10.664333916520869,21.420150888872172
IDXX,2018-09-30,Q3,291370000,-1604000,1544530000,1663856000,-726.6084788029925,9.46489353635312
OFED,2018-09-30,Q1,884000,84277000,496480000,4421000,0.041956880287622955,-15.158285426443014
PPC,2018-09-30,Q3,255031000,2058276000,5976438000,8280995000,0.4956206067602207,80.04600669842436
APTY,2018-10-31,Q3,-1316407,-1525781,217455,8230,3.4511034021265177,-92.30769252295732
LEE,2018-09-30,FY,47048000,-37354000,575411000,543955000,-1.2595170530599133,-25.830257938986662
NWLI,2018-09-30,Q3,94982000,1883017000,12091840000,509113000,0.20176557088969457,-13.428567553323411
GNAL,2018-09-30,Q3,-17545204,-4483160,6271785,2565085,15.654318828683339,-97.07317068073665
IVZ,2018-09-30,Q3,788300000,8987100000,32503800000,4058200000,0.3508584526710507,-26.032158676815655
FTFT,2018-09-30,Q3,-23782516,-13250162,157291990,1658911,7.179539691665656,-27.96609647244543
FHN,2018-09-30,Q3,455702000,4446500000,40635924000,1144835000,0.4099422017316991,-5.014569808349827
DVAX,2018-09-30,Q3,-118930000,97013000,236388000,2880000,-4.903672703658272,-69.84667776091563
AA,2018-09-30,Q3,659000000,5216000000,16185000000,10059000000,0.5053680981595092,-49.55947062533773
DWOG,2018-09-30,FY,-330131,22288728,22827332,0,-0.014811567533149491,-5.000000931322596
CNK,2018-09-30,Q3,195262000,1456756000,4397573000,2423259000,0.5361556774092573,-2.935965316859814
IRMD,2018-09-30,Q3,4596437,40092175,46811517,22099591,0.4585869437115846,-37.074032020594885
SAVE,2018-09-30,Q3,63812000,1833782000,4781731000,2460239000,0.13919211771082932,-20.26789494220072
BOXL,2018-09-30,Q3,-6583421,8174509,28735150,25856310,-3.2214392326193537,-34.642854497140725
PLBC,2018-09-30,Q3,10422000,62366000,770748000,24955000,0.668441137799442,-18.900485463087332
IRWD,2018-09-30,Q3,-266875000,-197295000,416652000,215947000,5.41067943941813,-42.722041486166454
SWKS,2018-09-28,FY,918400000,4097000000,4828900000,3868000000,0.22416402245545522,-14.595962956013189
RRC,2018-09-30,Q3,17941000,5817288000,11866136000,2361898000,0.012336332669106291,-76.40845208368873
TROX,2018-09-30,Q3,24000000,707000000,4714000000,1390000000,0.13578500707213578,-34.00483738046795
ARWR,2018-09-30,FY,-54450478,95796189,111609951,16142321,-0.5683992084486785,40.343572979471325
NEM,2018-09-30,Q3,365000000,10597000000,20559000000,5205000000,0.13777484193639708,26.52389141096726
SNYR,2018-09-30,Q3,-493296,9174797,20365945,28619950,-0.21506568483204588,-20.83333255723117
CADE,2018-09-30,Q3,133935000,1414826000,11759837000,368809000,0.3786614042998927,-8.601156155756422
AGYS,2018-09-30,Q2,-5528000,106974000,153626000,68210000,-0.20670443285284273,58.59277808425469
LGIH,2018-09-30,Q3,112633000,612419000,1333787000,1079240000,0.7356597362263417,76.23357290333642
FTK,2018-09-30,Q3,-79256000,192815000,293302000,190591000,-1.6441874335502944,-12.000001271565756
TTEC,2018-09-30,Q3,18973000,328858000,1038606000,1090038000,0.2307743767826843,84.65403520713312
SBSI,2018-09-30,Q3,56757000,752506000,6105354000,171143000,0.3016959333214619,0.49707065834200104
UONE,2018-09-30,Q3,24749000,62784000,1287541000,325557000,1.5767711518858307,-20.0
SFM,2018-09-30,Q3,145833000,641295000,1694964000,3937998000,0.9096156994830772,-29.51541510915615
BOTJ,2018-09-30,Q3,3827000,53117000,668438000,19860000,0.2881939868591976,-7.9365102624256165
DMRC,2018-09-30,Q3,-24492000,62844000,67153000,15965000,-1.5589077716249762,25.39431874863492
BTAI,2018-09-30,Q3,-12195000,45823000,47866000,0,-1.064530912423892,-1.182656386450381
BKD,2018-09-30,Q3,-659883000,890371000,6494637000,2642414000,-2.9645305159309996,-23.07692117048951
SHBI,2018-09-30,Q3,12903000,171419000,1473543000,41013000,0.301086810680263,-12.202045799097311
KNIT,2018-09-30,FY,-90075,-20785,7632,55950,4.333654077459706,145.45454446934474
OGE,2018-09-30,Q3,307200000,3581300000,9652000000,1710100000,0.34311562840309384,24.944993241397313
ATEN,2018-09-30,Q3,-26009000,99065000,224794000,170398000,-1.0501791752889518,13.703093965233048
RCKT,2018-09-30,Q3,-47199000,143620000,194981000,0,-1.3145522907673026,-50.23374544653964
GLT,2018-09-30,Q3,-97512000,606946000,1750775000,636806000,-0.642640366688305,-19.383485907941825
IZEA,2018-09-30,Q3,-5025704,7869616,24820862,13798342,-2.554484996472509,-83.56688039550149
KFFB,2018-09-30,Q1,138000,67374000,316701000,3046000,0.008193071511265474,-11.585363797103227
BLK,2018-09-30,Q3,3375000000,32415000000,174862000000,10764000000,0.41647385469689957,-5.774388296492383
IDT,2018-07-31,FY,5199000,30664000,399597000,1547495000,0.16954735194364728,97.90476844424293
ZDGE,2018-10-31,Q1,-706000,9263000,11396000,2381000,-0.30486883299147144,0.0
ODC,2018-07-31,FY,8240000,131885000,194682000,266000000,0.062478674602873714,-16.80830696245279
CIIT,2018-10-31,Q1,-22816,-111671,7343,0,0.8172578377555498,252.94117372066225
CLEV,2018-10-31,Q1,-18225,-284486,23892,325,0.2562516257390522,-8.57142720903669
FCUV,2018-09-30,Q3,-1641641,9215701,9445650,247434,-0.7125409125144142,-28.571440249072467
PLUG,2018-09-30,Q3,-61268000,14405000,319278000,114812000,-17.01298160360986,34.196890391626
NOVT,2018-09-28,Q3,39451000,359676000,759436000,458159000,0.4387393098232854,18.53801172852072
PHX,2018-09-30,FY,14635669,128765205,206749686,45034264,0.11366167591625392,-22.75747385501256
JAZZ,2018-09-30,Q3,287628000,3027317000,5485788000,1414465000,0.38004345101619685,-23.12896418585767
FN,2018-09-28,Q1,27850000,766157000,1147804000,377177000,0.14540100788741733,11.586685700022125
HIG,2018-09-30,Q3,1611000000,12729000000,61437000000,14322000000,0.5062455809568701,22.34365705246116
GKOS,2018-09-30,Q3,-14730000,163407000,190500000,127202000,-0.3605720685160366,-1.7507230677372247
PCAR,2018-09-30,Q3,1617000000,9171000000,25103400000,17216000000,0.7052666012430487,0.014495849609375
ESSA,2018-09-30,FY,6531000,179186000,1833790000,64503000,0.03644816001250098,1.6000014085036058
POR,2018-09-30,Q3,163000000,2486000000,7975000000,1467000000,0.26226870474658087,24.64850858495432
WNEB,2018-09-30,Q3,12567000,241285000,2150525000,58801000,0.2083345421389643,-9.375006491035869
FNCB,2018-09-30,Q3,6281000,86577000,1251122000,33367000,0.2901925453642422,-20.91370903388051
SNPS,2018-10-31,FY,432518000,3479152000,6145974000,3121058000,0.12431707496539386,53.702672273656745
MGYR,2018-09-30,FY,2030000,51362000,623968000,24350000,0.03952338304583155,1.313633389534757
CVBF,2018-09-30,Q3,108844000,1818580000,11480341000,244140000,0.23940437044287302,-4.865846775631006
CAC,2018-09-30,Q3,39094000,417525000,4191584000,110924000,0.37453086641518474,1.7961289408640044
MEEC,2018-09-30,Q3,-4247976,-8116396,8478974,8781754,2.0935282112898386,60.869564372334914
GLW,2018-09-30,Q3,774000000,13890000000,26392000000,8255000000,0.22289416846652269,-19.557822724697356
ORC,2018-09-30,Q3,-17988000,393303000,3761096000,117580000,-0.1829429218693984,-22.283352996253306
TCNT,2018-02-28,FY,-8797,-25383,51455,0,0.34657053933735177,0.0
SCYX,2018-09-30,Q3,-14410000,27879000,51650000,193000,-2.0675060081064602,-12.295082159434493
CALA,2018-09-30,Q3,-35130000,135910000,147674000,22254000,-1.033919505555147,-39.59107721025371
SHOO,2017-12-31,FY,119138000,802821000,1057161000,1546098000,0.14839920729527503,-3.5897461918134885
MRKR,2018-09-30,Q3,-12397689,690467,4391238,205994,-71.82205087281507,-41.82425100181417
PNBK,2018-09-30,Q3,2870000,68921000,915286000,29446000,0.16656751933372993,-42.759250423293736
MARA,2018-09-30,Q3,-8419922,6386028,8859423,1267141,-5.273964974785579,-40.62500103480282
LINK,2018-09-30,Q3,576000,8910000,9561000,7176000,0.2585858585858586,-6.4676614849966505
EGLE,2018-09-30,Q3,6088334,472473494,826493553,223402049,0.05154434335315327,-25.34246658430728
FOXF,2018-09-28,Q3,65000000,298814000,483874000,462415000,0.8701064876478345,-12.03426659902409
PH,2018-09-30,Q1,375899000,6101380000,15425042000,3479294000,0.2464353965824125,-2.3854538431316876
MEDP,2018-09-30,Q3,50424000,561389000,949843000,512474000,0.3592802851498693,34.95129758540804
SABR,2018-09-30,Q3,257110000,937935000,5868482000,2943028000,1.0964938935000825,-12.470401848396946
PLYM,2018-09-30,Q3,-16725000,-4842000,353258000,35580000,13.816604708798017,16.613214414612813
FANG,2018-09-30,Q3,638735000,5933359000,9806573000,1544497000,0.4306060024347086,-34.217839286361624
ABUS,2018-09-30,Q3,-24473000,215272000,245418000,1587000,-0.4547363335686945,-84.26501030086747
PBPB,2018-09-30,Q3,-4230000,109671000,166042000,320260000,-0.15427961813059057,-65.87170931379053
CNET,2018-09-30,Q3,-12963000,8781000,20345000,47822000,-5.905022207037923,-23.976609883077302
SJM,2018-10-31,Q2,321500000,8030000000,17174200000,3924000000,0.1601494396014944,-1.827920386366289
UDN,2018-09-30,Q3,-1781995,30134710,30227580,482121,-0.23653720244860496,-5.726254974157556
FMNB,2018-09-30,Q3,23883000,248789000,2292678000,67319000,0.38398803805634496,-3.909875060449932
HFBL,2018-09-30,Q1,1218000,47959000,428328000,4886000,0.10158677203444609,-4.22287006200841
NWCN,2018-09-30,Q3,-594236,-11758520,110993,0,0.2021465286447614,-68.75000046566127
USPH,2018-09-30,Q3,35169000,211884000,454969000,336562000,0.6639293198165034,14.098946240400071
CPF,2018-09-30,Q3,43694000,478151000,5728640000,145955000,0.3655246982647741,10.81288229706209
MDXL,2018-09-30,Q3,-2363096,-46542,441051,1545,203.09363585578618,-18.400001525878906
JBL,2018-08-31,FY,87541000,1950257000,12045641000,22095416000,0.04488690464897703,-2.53721249509532
LYTS,2018-09-30,Q1,1749000,141063000,235544000,84957000,0.0495948618702282,11.308197919340726
VHI,2018-09-30,Q3,277200000,650000000,2769400000,1431400000,1.7058461538461538,-16.666667798758688
SKY,2018-09-29,Q2,-77878000,386469000,665412000,677697000,-0.8060465393084568,0.06858867581731787
NGS,2018-09-30,Q3,708000,259807000,298752000,49318000,0.01090039914244035,-38.60487246007326
UMBF,2018-09-30,Q3,170059000,2203464000,21462360000,529242000,0.30871210058344495,-7.158130385955125
XOXO,2018-09-30,Q3,13191000,190607000,224237000,124516000,0.2768208932515595,1.803906796188055
FRME,2018-09-30,Q3,117426000,1361426000,9787282000,299291000,0.34500883632309065,-14.118173883605275
DDD,2018-09-30,Q3,-41123000,580536000,810970000,506948000,-0.2833450466465473,-55.180052661845146
MGNX,2018-09-30,Q3,-126809000,282644000,355356000,44327000,-1.7946108886089922,-41.07058635382897
FCN,2018-09-30,Q3,126887000,1351475000,2628838000,1522884000,0.37555115706912817,44.338966357194614
LHO,2018-09-30,Q3,-54463000,2273646000,3659451000,825630000,-0.09581614728062328,-6.065044330625715
ERIE,2018-09-30,Q3,225910000,921023000,1759503000,1805744000,0.9811264213814421,46.45160545427255
PMPG,2016-12-31,FY,-138548,-1119608,84,0,0.12374688283756458,-45.14285477083558
AET,2018-09-30,Q3,3428000000,18291000000,57103000000,46380000000,0.7496583018971079,4.469543502911236
WCFB,2018-09-30,Q3,306940,27602685,122477692,3094871,0.04447973086676169,-11.349040709844084
CELH,2018-09-30,Q3,-10356876,10230088,28458036,37923619,-4.049574549114338,-14.54080820412737
LH,2018-09-30,Q3,725700000,7248100000,16661400000,8545900000,0.4004911632013907,-4.607309552483966
VNDA,2018-09-30,Q3,14848000,261417000,311937000,140077000,0.22719256972576382,-40.00000252072498
EML,2018-09-29,Q3,10125333,95160209,177906469,177663291,0.42561205387852813,-13.536498184875887
CNFR,2018-09-30,Q3,-4451000,46539000,232997000,74861000,-0.3825608629321644,-35.398229491002084
SOHO,2018-09-30,Q3,2162293,88233467,501942162,134707144,0.09802597918995974,-6.741573409952315
EGY,2018-09-30,Q3,87808000,99295000,162361000,77337000,3.5372576665491717,-26.258993762095134
BMS,2018-09-30,Q3,151800000,1187300000,3604400000,3087100000,0.5114124484123642,19.07237483302766
RS,2018-09-30,Q3,554500000,4995500000,8372600000,8720500000,0.4439995996396757,14.961640605480554
JAKK,2018-09-30,Q3,-39082000,55604000,447591000,435484000,-2.811452413495432,-70.35573033135245
CHEF,2018-09-28,Q3,11520000,298145000,715303000,1050553000,0.15455566922135203,9.40853405008367
DBP,2018-09-30,Q3,-14406143,110368430,110440601,1868765,-0.5221110058374483,21.503499806930968
MCFT,2018-09-30,Q1,8465000,58175000,182246000,93641000,0.5820369574559519,-59.14127251120581
FL,2018-11-03,Q3,383000000,2451000000,3680000000,5667000000,0.6250509995920033,-11.79283245751077
PDM,2018-09-30,Q3,84886000,1732209000,3623890000,388782000,0.1960179170065506,11.878005617544668
COO,2018-10-31,FY,139900000,3307600000,6112800000,2532800000,0.0422965292054662,13.081184957720083
ALGT,2018-09-30,Q3,120356000,652996000,2480495000,1255333000,0.737254133256559,18.382592567473747
TMHC,2018-09-30,Q3,201265000,2333464000,4331693000,2769540000,0.34500639392765436,42.865203483875106
CAL,2018-11-03,Q3,69946000,765753000,2008402000,2114583000,0.36537107918610834,-39.15516076991395
FIS,2018-09-30,Q3,571000000,10081000000,23694000000,6256000000,0.22656482491816288,21.925725232033464
STLD,2018-09-30,Q3,397906000,4033768000,7798368000,3220891000,0.3945749978679984,-35.69708898263799
KMPR,2018-09-30,Q3,183600000,3063800000,11772600000,2630400000,0.2397023304393237,0.42453902921479864
SSNC,2018-09-30,Q3,44500000,4223000000,13279000000,2310100000,0.04215013023916647,-9.22278207701658
KN,2018-09-30,Q3,-11900000.0,1124900000.0,1565100000.0,603100000.0,-0.042314872433105166,27.98250767138945
CTS,2018-09-30,Q3,28968000,376205000,549592000,350410000,0.30800228598769286,-2.213585616845557
SLGN,2018-09-30,Q3,185802000,911917000,5058199000,3378383000,0.8149952243460754,7.3470892084861905
AKOM,2018-09-30,Q2,-4628204,43651030,47416825,1745000,-0.4241094883671703,-11.504428762050898
ALGN,2018-09-30,Q3,302843000,1192983000,1928405000,1432500000,1.0154143017964212,-55.087862364097504
MAN,2018-09-30,Q3,398400000,2725500000,8725300000,16598000000,0.5847000550357733,-2.8103061861792002
ROP,2018-09-30,Q3,687300000,7554900000,15245100000,3814900000,0.36389627923599255,18.712547062786648
BTCS,2018-03-31,Q1,-164935,348492,378887,0,-1.8931281062406025,-63.8297870541583
CRBO,2018-09-30,Q3,30000,30073000,167592000,25363000,0.003990290293618861,-42.857142857142854
YUMM,2018-09-30,FY,33111,4000,4000,0,8.27775,0.0
RDNT,2018-09-30,Q3,6786000,94302000,910642000,641136000,0.2878411910669975,-1.2491346778751526
CDAY,2018-09-30,Q3,-63700000,1538500000,5962800000,546100000,-0.1656158596035099,13.976740282635355
GME,2018-11-03,Q3,-485300000,1565100000,4656700000,5665100000,-1.2403041339211551,-61.04069218306425
CMTV,2018-09-30,Q3,6254929,60891915,694499557,21322719,0.4108873238754275,-11.884059076723846
COF,2018-09-30,Q3,4754000000,50638000000,362909000000,20128000000,0.3755282594099293,-3.8020018181984727
TCNT,2017-02-28,FY,-34343,-16586,4462,0,2.070601712287471,-47.058826416833924
IFF,2018-09-30,Q3,324281000,4031814000,9615542000,2758492000,0.32172218262052765,-12.747369853699231
WCRS,2018-09-30,Q3,-868721,64087244,80361610,84599199,-0.054221148907573555,0.9661826846140192
AEYE,2018-09-30,Q3,-3590174,6609658,9475196,3878552,-2.1726836698661263,-58.00000031789144
PJT,2018-09-30,Q3,30028000,-154032000,581682000,401722000,-0.7797860184896644,-22.366632298624125
SNCR,2018-09-30,Q3,-125885000,291521000,894344000,243737000,-1.7272855128790037,-21.57142881363157
CMTL,2018-10-31,Q1,3468000,506096000,866940000,160844000,0.027409819480889,23.8538744146192
TWI,2018-09-30,Q3,27122000,295761000,1274080000,1239005000,0.36680968755177323,-61.57024967087729
FFBW,2018-09-30,Q3,825000,59509000,268349000,7792000,0.05545379690466988,-2.6176019156809813
SFST,2018-09-30,Q3,16506000,166944000,1857707000,55578000,0.39548591144335826,2.58331186683267
WTI,2018-09-30,Q3,109983000,-459776000,1102349000,437284000,-0.9568398524498887,-54.36992173280295
ATRX,2018-09-30,Q3,-13788776,6113443,8298681,76186,-9.021938047021948,-83.01886898548669
NMEX,2018-10-31,Q1,-110027,-607651,176967,10862,0.7242775869701523,-28.741096136113075
COFS,2018-09-30,Q3,5505000,76989000,650186000,18075000,0.28601488524334645,8.471459214457576
MCRB,2018-09-30,Q3,-77655000,-30565000,109042000,17638000,10.16260428594798,-45.793102527486866
ADAP,2018-09-30,Q3,-59341000,276155000,309625000,58026000,-0.8595317846861364,-89.45480579010312
MYMX,2018-09-30,Q3,-3101000,-45964000,7353000,760000,0.26986337133408755,-30.357143569889704
WDLF,2018-09-30,Q3,-2974281,194275,220675,288192,-61.23857418607644,-28.57142781116525
FGNV,2018-09-30,Q3,-250035,884742,893846,27000,-1.1304312443627633,98.01980384996438
HST,2018-09-30,Q3,845000000,7322000000,12155000000,4163000000,0.4616225075116088,-18.40724286788477
GLDG,2017-03-31,Q3,-39818525,-41326303,135,45338,3.8540611774539815,-39.87342010914289
CUEN,2018-09-30,Q3,70000,-3383000,8586000,61472000,-0.08276677505172923,-61.49999911968524
AOS,2018-09-30,Q3,317900000,1756200000,3025200000,2375400000,0.7240633185286414,-11.51132694519103
PLUS,2018-09-30,Q2,33276000,399277000,775196000,701575000,0.3333625528142117,-16.798573011503454
INTV,2018-06-30,FY,-5577450,-2134818,829522,306407,2.612611473202868,-81.65467625899281
KKR,2018-09-30,Q3,3521559000,9006767000,50343948000,1299743000,1.563961408127911,-0.6545465642755681
IBIO,2018-09-30,Q1,-4399000,13031000,42896000,45000,-1.3503184713375795,-36.470588235294116
SIEN,2018-09-30,Q3,-57996000,87977000,181080000,49104000,-2.636871000375098,-72.74240567284052
PGC,2018-09-30,Q3,33441000,454433000,4435709000,116905000,0.29435362308635155,-6.68852759189293
PEN,2018-09-30,Q3,-3554000,409419000,501005000,324145000,-0.03472237487757041,-10.59938675477115
PBF,2018-09-30,Q3,521964000,3067934000,9215410000,20893219000,0.6805413675783116,-47.55590611480963
UUP,2018-09-30,Q3,28215112,535414245,535745170,6685296,0.21079089518808003,6.758897404694007
JAGX,2018-09-30,Q3,-6138352,10324578,46122150,1132067,-2.3781512425980025,-97.97619047619047
PG,2018-09-30,Q1,3211000000,52504000000,118440000000,16690000000,0.2446289806490934,48.88251753429489
DUOT,2018-09-30,Q3,-744842,549471,3823552,9490202,-5.422247943931527,3.92156496088299
PRPL,2018-09-30,Q3,-14199000,308000,70524000,207334000,-184.4025974025974,45.43761842122321
EPC,2018-09-30,FY,103300000,1744600000,3953300000,2234400000,0.059211280522755934,-29.72385623991633
ENBP,2018-09-30,Q3,7524000,99202000,1062195000,26769000,0.3033809802221729,15.217397839450792
REAC,2018-09-30,Q3,-15681,-108682,972,0,0.5771332879409654,-85.75000017881393
CURO,2018-09-30,Q3,-7755000,9864000,995730000,793745000,-3.1447688564476888,-53.87251577321089
WDAY,2018-10-31,Q3,-153331000,1833149000,5000299000,743189000,-0.3345740035316278,23.364908158771698
LANC,2018-09-30,Q1,39028000,674019000,840183000,316654000,0.23161364887339972,-5.410340351191876
COST,2018-11-25,Q1,777000000,13167000000,43814000000,35069000000,0.23604465709728867,36.39097822780409
MET,2018-09-30,Q3,3066000000,51625000000,698451000000,52279000000,0.23755932203389832,1.2614927235690296
VC,2018-09-30,Q3,129000000,476000000,1998000000,2253000000,1.084033613445378,-13.019209500704964
VICA,2018-09-30,Q3,-3213768,-368327,319286,325256,34.901248075758765,-79.69543263036498
K,2018-09-29,Q3,1426000000,3048000000,18114000000,10230000000,1.8713910761154855,-8.284445673167415
TZOO,2018-09-30,Q3,3097000,14999000,41302000,84260000,0.8259217281152077,-11.475409026712425
ITT,2018-09-30,Q3,282300000.0,1785600000.0,3844700000.0,2066699999.9999998,0.6323924731182796,1.8076287999651806
KAR,2018-09-30,Q3,260700000,1561500000,7300600000,2840600000,0.667819404418828,8.816814258921939
UNM,2018-09-30,Q3,274300000,8518200000,62249800000,8717700000,0.12880655537554883,-24.54753829501992
IMO,2018-09-30,Q3,749000000,23979000000,41819000000,9732000000,0.12494265815922265,-21.50312957638542
MFA,2018-09-30,Q3,240922000,3552240000,11781993000,322931000,0.27129022813773845,1.092895106966884
GPRE,2018-09-30,Q3,-23123000,898913000,2684834000,3032224000,-0.10289316096218433,-38.37681093077729
OCLN,2018-09-30,Q3,-5322727,-12167988,1747314,3678261,1.749747616450641,-92.10526274512019
WDC,2018-09-28,Q1,511000000,11375000000,28705000000,5028000000,0.17969230769230768,3.3310569396014964
ADTN,2018-09-30,Q3,-10895000,463601000,648830000,389189000,-0.09400324848307057,-35.68582591345392
JWN,2018-11-03,Q3,316000000,1203000000,8709000000,11097000000,1.0507065669160431,-45.52338610548456
TNRG,2018-09-30,Q3,-662959,-935414,814,0,2.834932981546139,-81.67981955986639
ALNY,2018-09-30,Q3,-550056000,1478119000,1675654000,53875000,-1.4885296785982725,-8.18521816716605
DBE,2018-09-30,Q3,42959491,228093458,228232006,2637665,0.7533664731410228,-26.480086633458814
CHYL,2018-06-30,Q2,79602,705993,1285346,338972,0.45100730460500316,0.0
DBRM,2018-08-31,Q2,-1330205,-16614587,960466,393703,0.32024991051538026,-8.256883712672122
SND,2018-09-30,Q3,23121000,215231000,326902000,160222000,0.4296964656578281,-35.46180670490643
CPHC,2018-09-30,Q3,3347890,44397304,57110496,47103183,0.3016300269043364,-19.741101801864254
CMI,2018-09-30,Q3,1577000000,7191000000,18992000000,17645000000,0.8772076206369073,8.993848952325747
PSMT,2018-08-31,FY,74403000,758002000,1216392000,3166702000,0.09815673309569103,-30.4202632505719
WVVI,2018-09-30,Q3,1775347,47495899,60528668,15814950,0.14951581398638228,-12.531648557015329
HCKT,2018-09-28,Q3,24045000,128372000,187105000,222222000,0.7492288037889883,-17.220840590802908
KRG,2018-09-30,Q3,-14742000,1478172000,3285884000,267245000,-0.03989251589124946,-1.2084523553509372
DORM,2018-09-29,Q3,99003000,701953000,849062000,713363000,0.5641574293435601,5.931976817183751
INVU,2018-09-30,Q2,-558334,-1283405,6701369,15609569,1.7401646401564588,-24.666662568847247
PCRX,2018-09-30,Q3,-8756000,301266000,659045000,237713000,-0.11625606606786029,-16.195264228729027
FRHC,2018-09-30,Q2,-4623000,109861000,317155000,25386000,-0.1683217884417582,39.882356980267694
ROYE,2018-09-30,Q3,-15348000,114313000,281027000,182842000,-0.5370517788877905,56.435649290515876
MEIP,2018-09-30,Q1,-14542000,39759000,94750000,488000,-1.4630146633466636,-58.536585365853654
SSNT,2018-09-30,Q3,246537,4540249,11563334,30280356,0.21720130327653836,-8.163269526359606
CHGI,2018-09-30,Q3,-258042,-2159968,140158,1406218,0.47786263500200005,-30.55555890908326
BTCS,2018-06-30,Q2,-381623,131804,200871,0,-11.58153015083002,-80.46874956344253
CEI,2018-09-30,Q2,19716269,2296638,6989085,2504162,34.33935866253193,-99.91757575757576
FCNCA,2018-09-30,Q3,310840000,3499013000,34954659000,912184000,0.35534592183567193,5.009974846157727
SEIC,2018-09-30,Q3,389834000,1630510000,1939328000,1219110000,0.956348627116669,-2.093026777843757
TREX,2018-09-30,Q3,109401000,328654000,434909000,544279000,1.3315036482136229,20.876460420374617
GDEN,2018-09-30,Q3,4400000,357437000,1390260000,641669000,0.04923944639195159,-46.96847208189727
GE,2018-09-30,Q3,-23304000000,31454000000,311691000000,82432000000,-2.963565842182234,-22.236559831336752
STCC,2018-09-30,Q3,-87927,764427,5523380,5032545,-0.4600936387647218,5.633803555899658
CDNS,2018-09-29,Q3,247352000,1257417000,2273207000,1568172000,0.786857502324209,44.69594975842368
FRAF,2018-09-30,Q3,2321000,114028000,1194624000,33019000,0.08141859894061108,0.05673888727282801
NEOG,2018-11-30,Q2,31288000,602074000,660492000,206724000,0.2078681358105482,2.636446297226434
ARAY,2018-09-30,Q1,-9206000,47106000,369131000,95829000,-0.7817263193648367,-36.807100665288246
LWAY,2018-09-30,Q3,-274000,45177000,62131000,80318000,-0.024260132368240477,-21.501709900579456
USNA,2018-09-29,Q3,93893000,435589000,599381000,890225000,0.8622164471554608,-42.17169448008223
CMCSA,2018-09-30,Q3,9280000000,71523000000,200635000000,66661000000,0.5189938900773178,26.154281519714374
NNBR,2018-09-30,Q3,-44277000,641034000,1763322000,571180000,-0.27628487724520073,-52.91803391253362
AMRC,2018-09-30,Q3,26907000,364206000,1114455000,569767000,0.2955140771980692,15.502184497253294
BIG,2018-11-03,Q3,48847000,592732000,2133016000,3639554000,0.3296397022600433,-50.231482360425126
AGO,2018-09-30,Q3,433000000,6583000000,13739000000,788000000,0.26310192921160563,6.617478469569911
HTLF,2018-09-30,Q3,84857000,1280393000,11335132000,339517000,0.2650967320189973,-21.29775424593824
AYX,2018-09-30,Q3,-10725000,194724000,526490000,143796000,-0.2203118259690639,87.03540505371788
USFD,2018-09-29,Q3,307136000,3146725000,9273902000,18133796000,0.3904198809873758,33.13569616715913
WERN,2018-09-30,Q3,113585000,1243501000,2033136000,1811549000,0.36537164023189367,-1.0361213704025205
SUNW,2018-09-30,Q3,-3891000,11715000,35097000,51722000,-1.3285531370038413,-28.857205585502037
KEX,2018-09-30,Q3,103409000,3229911000,5854332000,2249204000,0.12806420981878447,-1.1095009518341554
WBA,2018-08-31,FY,5031000000,26007000000,68124000000,131537000000,0.19344791786826623,-25.335471923025903
LFVN,2018-09-30,Q1,911000,23531000,51921000,55609000,0.1548595469805788,29.714816282580987
UFPT,2018-09-30,Q3,9901000,135797000,193760000,139758000,0.29164119973195285,6.836204596287779
RHI,2018-09-30,Q3,320724000,1119242000,2034907000,4318613000,1.1462186015178129,-21.2968332406776
CHUY,2018-09-30,Q3,2129000,191653000,275080000,301366000,0.044434472718924305,-4.687502910383003
BGNE,2018-09-30,Q3,-407323000,1970446000,2408627000,139550000,-0.8268645778671427,-30.579502954620892
KLIC,2018-09-29,FY,56676000,880207000,1185740000,889121000,0.0643893993117528,-3.150912945432513
IBOC,2018-09-30,Q3,157402000,1858845000,11845501000,344847000,0.33870925225072557,-12.100611881575825
SMP,2018-09-30,Q3,39683000,474052000,836387000,845081000,0.3348409035295706,-0.4571849769100618
KIRK,2018-11-03,Q3,-10377000,121250000,284641000,430924000,-0.3423340206185567,-85.09196540922599
UTL,2018-09-30,Q3,22000000,345000000,1264500000,318500000,0.25507246376811593,26.899049338723053
NWN,2018-09-30,Q3,28745000,737581000,3081407000,479441000,0.15588796349146739,6.57403482118115
MOV,2018-10-31,Q3,44177000,481014000,763916000,480191000,0.36736560682225466,-31.80991593500453
APOG,2018-09-01,Q2,35887000,538856000,1073617000,698664000,0.2663939902311564,-24.78614775387355
BBOX,2018-09-29,Q2,15573000,59945000,297764000,64388000,1.0391525565101343,1.86915700430858
LTRE,2018-09-28,FY,-2059000,-13916000,22648000,64318000,0.14795918367346939,-64.16666749450893
CVU,2018-09-30,Q3,3842143,78752359,127101761,58397420,0.19515062399591104,-10.268374200004095
NSPR,2018-09-30,Q3,-5027000,10952000,13933000,2779000,-1.8360116873630388,-87.1999994913737
BMY,2018-09-30,Q3,3789000000,13640000000,33734000000,15866000000,1.1111436950146627,-19.130430829831205
LOVE,2018-11-04,Q3,-15143466,70253381,96771891,101703739,-0.8622199122345443,-16.72690520438318
ORI,2018-09-30,Q3,477000000,5311200000,19802300000,4740900000,0.359240849525531,5.975553126782473
LZB,2018-10-27,Q2,39300000,635820000,1052135000,824028000,0.24723978484476739,29.95673948993482
HRL,2018-10-28,FY,1012582000,5600811000,8142292000,9545700000,0.18079203172540548,-4.943768967348587
CASH,2018-09-30,FY,52293000,744152000,5835067000,158534000,0.07027193369096636,19.46217828950179
RELL,2018-09-01,Q1,431000,134465000,160732000,44157000,0.012821180232774327,-36.035048418556265
CDMO,2018-10-31,Q2,-3412000,54797000,80224000,22767000,-0.2490647298209756,4.580157603787615
AREC,2018-03-31,Q1,-2541012,-43230603,18501679,7325376,0.23511233465792739,285.4545162926042
GTLS,2018-09-30,Q3,42100000,836800000,1738500000,794200000,0.20124282982791586,-18.881922306858804
GPI,2018-09-30,Q3,127054000,1148346000,4880866000,8692546000,0.4425634782548117,39.68180922011299
BECN,2018-09-30,FY,98626000,1884305000,6508662000,6418311000,0.05234078347189017,-4.190582887710489
FARM,2018-09-30,Q1,-2986000,222588000,503251000,147440000,-0.05365967617301921,-48.930267590284885
BHLB,2018-09-30,Q3,91506000,1532315000,12030059000,343310000,0.23886994514835397,-25.581980038868853
KNX,2018-09-30,Q3,268704000,5393667000,7932066000,3949426000,0.19927370377147866,2.837494112311512
LTDH,2018-09-30,Q3,-99831,-516357,122107,3414,0.773348671558631,12.000002179827009
IROQ,2018-09-30,Q1,934000,81081000,655454000,6419000,0.04607737941071274,-7.028896207748507
TMP,2018-09-30,Q3,63493000,597636000,6746960000,186267000,0.4249610130581156,2.70712865203716
NAVB,2018-09-30,Q3,-12953928,1341696,9109042,1050030,-38.61956210646823,-84.21914843170282
XERS,2018-09-30,Q3,-39661000,95120000,137591000,53000,-1.667830109335576,-44.341798422759204
ANIP,2018-09-30,Q3,10064000,192465000,439443000,144454000,0.20916010703244745,28.90987448055836
SLGD,2018-09-30,Q3,2155000,23967000,26592000,27921000,0.3596612008177911,-65.45454588803378
MGRC,2018-09-30,Q3,55157000,554547000,1201799000,70735000,0.3978526617220903,26.575842453901583
HI,2018-09-30,FY,81200000,731100000,1864600000,1770100000,0.11106551771303515,-40.13019197429465
MSA,2018-09-30,Q3,99973000,654320000,1650683000,996320000,0.611156620613767,4.599690977212983
ASMB,2018-09-30,Q3,-64590029,229433224,282977202,11068773,-1.1260797869448933,-70.78189189869923
COLL,2018-09-30,Q3,-48214000,70780000,646508000,206986000,-2.7247244984458887,-23.308777125103163
AREC,2018-09-30,Q3,-7990153,-30447166,20058236,23386684,1.0497072863858659,-91.19999965031941
IART,2018-09-30,Q3,35663000,1365081000,3178642000,1089126000,0.10450075856304497,-8.029763034632673
BMRN,2018-09-30,Q3,-73561000,2914945000,4695254000,1137998000,-0.10094324249685671,-30.734135412543136
AJG,2018-09-30,Q3,548100000,4544500000,16114700000,5276600000,0.4824293101551326,18.145536413333954
MRCY,2018-09-30,Q1,7479000,776621000,1126974000,144056000,0.03852071988782173,50.259357721719745
REVG,2018-10-31,FY,13000000,531400000,1408100000,2381300000,0.024463680843056078,18.60678058077805
TIPT,2018-09-30,Q3,29355000,386878000,1796609000,473449000,0.30350653177487474,11.26543235995024
CHRW,2018-09-30,Q3,477355000,1566603000,4492722000,12493264000,1.2188282545099174,-14.360175744326067
ITP,2018-09-30,Q3,-5381244,170722007,200906424,61761041,-0.12608202292279752,-17.073166476765294
QRHC,2018-09-30,Q3,-2531955,60227692,81764197,78544764,-0.1681588595491921,-13.148792409940684
AIN,2018-09-30,Q3,28484000,605276000,1448326000,253253000,0.18823809303524341,14.736306059635348
PIRS,2018-09-30,Q3,-15072000,50261000,151657000,24187000,-1.1994986172181215,-32.64925736617757
CFBK,2018-09-30,Q3,2977000,43587000,606379000,17592000,0.273200724986808,-16.419916801861447
HPP,2018-09-30,Q3,92524000,3627294000,6744850000,529985000,0.10203088032015051,3.175100609116868
HAYN,2018-09-30,FY,-21751000,333220000,588694000,435326000,-0.06527519356581238,1.7314806082249552
FPI,2018-09-30,Q3,5642000,342256000,1145175000,35176000,0.06593894628582114,-1.661626262520037
SLCA,2018-09-30,Q3,55254000,1366269000,3288655000,1219918000,0.16176609437819345,-51.75751058636835
PCTY,2018-09-30,Q1,9852000,232626000,1464103000,97002000,0.16940496763044544,20.64679656860113
EVI,2018-09-30,Q1,796000,68623000,121100000,43375000,0.046398437841540005,-17.867507678726977
SFDL,2018-09-30,Q3,5657763,76886413,902234941,24309045,0.29434396946050795,5.079360235305059
DFIN,2018-09-30,Q3,74600000.0,231700000.0,913400000.0,762700000.0,1.2878722485973242,-29.580698814858348
HMMR,2018-07-31,FY,-5515083,486780,4656140,455609,-11.329723899913718,-23.943656651043256
AMT,2018-09-30,Q3,972000000,5350700000,33077200000,5308200000,0.7266338983684377,52.037768231249636
NBR,2018-09-30,Q3,-447104000,2931222000,7960547000,2275539000,-0.6101264250882397,-69.74921630094045
WELL,2018-09-30,Q3,705054000,14307685000,30249119000,3459256000,0.19711197164321131,42.63823381322386
UTGN,2018-09-30,Q3,22928102,118573024,415619003,49273854,0.7734677324245353,0.0
DCI,2018-07-31,FY,180300000,857800000,1976600000,2734200000,0.2101888552110049,5.094340180941405
CHYL,2017-09-30,Q3,68197,566574,1101689,354907,0.4814693226304066,-33.33333498901784
VYST,2018-09-30,Q3,-3320275,-540982,3407519,250516,24.549985027228264,28.000001907348633
VTVT,2018-09-30,Q3,-21517000,-43978000,11089000,7912000,1.9570694438128156,88.1443292634218
SGA,2018-09-30,Q3,9395000,184158000,242561000,91891000,0.2040639016496704,-17.096413478967527
CSGP,2018-09-30,Q3,154825000,2928314000,3207222000,876261000,0.21148688289575504,39.0804789237868
SMME,2018-06-30,FY,-1641788,-1529321,23594,0,1.0735404797292394,21.181264506155113
URI,2018-09-30,Q3,786000000,3334000000,16354000000,5741000000,0.943011397720456,-23.28640663908822
REX,2018-10-31,Q3,34611000,395279000,476116000,373327000,0.35024375188158235,7.5367375481854975
CMA,2018-09-30,Q3,925000000,7786000000,71448000000,1915000000,0.4752119188286668,-27.086336619900166
MRAM,2018-09-30,Q3,-14274000,27614000,51449000,37136000,-2.0676468458028534,-20.182288392485667
WTBA,2018-09-30,Q3,21281000,184618000,2171666000,62187000,0.4610818013411477,-5.767562682168961
CCS,2018-09-30,Q3,70261000,840793000,2152494000,1495467000,0.3342606325219168,17.352829044245134
RSKIA,2018-10-31,Q2,1386000,36748000,39764000,7096000,0.15086535321650157,8.312950197217043
ARAO,2018-09-30,Q2,-444285,-3185638,463525,0,0.5578599953918179,-57.14285410180374
PNFP,2018-09-30,Q3,264122000,3897041000,24557545000,690622000,0.2711000474462547,-4.984896155466516
PBIO,2018-09-30,Q3,-6321542,-5218961,2253270,1771313,4.845057857301482,-24.16666412795025
CMC,2018-08-31,FY,138506000,1493397000,3328304000,4643723000,0.09274559946216579,-27.453704631704674
GOOD,2018-09-30,Q3,9807000,247124000,904175000,79538000,0.158738123371263,23.358061180028564
ENZ,2018-07-31,FY,-10321000,81121000,101660000,104713000,-0.12722969391402966,-10.180996378195296
ASUR,2018-09-30,Q3,-9277000,99792000,309640000,64529000,-0.37185345518678853,-46.29176930129485
EQT,2018-09-30,Q3,701795000,5055223000,9268140000,1110307000,0.5553029015732837,-53.16797150381078
GBX,2018-08-31,FY,172063000,1250101000,2465464000,2519464000,0.1376392787462773,-59.84482600771147
MO,2018-09-30,Q3,5716000000,15494000000,43953000000,19250000000,1.475668000516329,-33.48251309440797
MATX,2018-09-30,Q3,88400000,743700000,2421200000,1657900000,0.4754605351620277,-5.154637197547122
CPT,2018-09-30,Q3,120387000,3340002000,6198500000,709586000,0.1441759615712805,19.904795987156472
INTX,2018-09-30,Q3,87000,855000,37736000,115182000,0.4070175438596491,95.21277051076679
IDT,2018-10-31,Q1,-1148000,36075000,399846000,362316000,-0.1272903672903673,1.2784112652779236
QCRH,2018-09-30,Q3,29804181,457387389,4792732495,130174981,0.26064716008162614,-4.426555321507707
FISI,2018-09-30,Q3,32035000,392154000,4258385000,111306000,0.326759385343513,-0.2605012246532551
LPX,2018-09-30,Q3,124000000,1811400000,2614400000,736800000,0.2738213536491112,-6.320542927005166
AHH,2018-09-30,Q3,18597000,274912000,1217858000,149881000,0.2705884064718892,20.254008858588904
MBIN,2018-09-30,Q3,47452000,407346000,3806949000,100738000,0.46596259690778846,-33.86454321774573
GPC,2018-09-30,Q3,623775000,3611054000,12657119000,14131281000,0.6909616970557627,-0.3525367429739331
IEP,2018-09-30,Q3,864000000,5612000000,30975000000,8220000000,0.6158232359230221,-9.578975552737678
STRL,2018-09-30,Q3,22989000,162783000,494164000,782492000,0.5648992830946721,-2.969566178730458
CSSE,2018-09-30,Q3,-1670883,66232639,82049270,15126867,-0.10090994562363731,-6.341459692978277
ESE,2018-09-30,FY,92136000,759410000,1265122000,771582000,0.12132576605522709,16.088046974255953
PETV,2018-09-30,Q2,-2840466,-390274,1194280,0,29.112531196031505,-43.33332254773076
POWW,2018-09-30,Q2,-3361264,14260182,15248588,2712887,-0.9428390184641402,-43.60655555735347
MUR,2018-09-30,Q3,307715000,4766928000,10026620000,1921910000,0.2582082213115029,-35.25073812700848
DLX,2018-09-30,Q3,92461000,955295000,2267367000,1473349000,0.3871516128525743,-11.816704313546504
SRTS,2018-09-30,Q3,-2124672,26198975,32543098,18346193,-0.3243900954140381,-31.07798113715378
SFBC,2018-09-30,Q3,5397000,70130000,715323000,23965000,0.3078283188364466,-8.065736253465658
OLLI,2018-11-03,Q3,85119000,888810000,1131452000,847443000,0.38306949741789587,-28.028268805224542
CMG,2018-09-30,Q3,144534000,1435837000,2230872000,3639924000,0.40264737571186704,83.19574352944663
FPAY,2018-09-30,Q3,-6978628,11043515,34010897,60032421,-2.5276836224698385,86.74698596181324
KERX,2018-09-30,Q3,-60400000,-54200000,151784000,75536000,4.4575645756457565,5.66037184150683
DFS,2018-09-30,Q3,2055000000,11016000000,105842000000,7986000000,0.7461873638344226,6.2296345238787705
HPGN,2018-05-31,FY,-892248,-741586,1481,0,1.2031618719878747,0.0
MTX,2018-09-30,Q3,129200000,1310200000,3112500000,1360100000,0.39444359639749654,-21.659738747605903
TGRO,2018-09-30,Q3,-1609532,-1314669,14637,13023,4.897147494920775,-97.65624982946974
UEEC,2018-09-30,Q3,-5302377,-208942,648120,40826,101.50906950254138,117.46031986312502
CERS,2018-09-30,Q3,-41359000,91801000,161657000,44383000,-1.8021154453655188,-32.12290171666709
DHX,2018-09-30,Q3,4228000,143936000,251405000,123583000,0.11749666518452645,94.50000524520874
AIT,2018-09-30,Q1,48938000,870806000,2305688000,864515000,0.2247940413823515,-28.545642195156688
CLPR,2018-09-30,Q3,-7435000,67426000,1067670000,82116000,-0.4410761427342568,-23.47629717467704
ARW,2018-09-29,Q3,489083000,5252027000,16978025000,21758586000,0.37249084972335444,1.0504728663144864
AWI,2018-09-30,Q3,151300000,330900000,2002500000,736400000,1.8289513448171653,38.76372731855533
LECO,2018-09-30,Q3,200214000,927157000,2419645000,2284847000,0.8637760379310084,-8.334220976468162
SIX,2018-09-30,Q3,236581000,-515213000,2633435000,1194204000,-1.8367626593273074,-27.83052778916521
RVNC,2018-09-30,Q3,-101952000,182098000,233051000,3242000,-2.2394974134806533,-43.836733759665975
LNC,2018-09-30,Q3,1242000000,15070000000,303850000000,11893000000,0.32966157929661577,-10.492289322772145
PLD,2018-09-30,Q3,1132470000,22030599000,38268162000,1997364000,0.20561765025090784,27.572875527286605
CDNA,2018-09-30,Q3,-43026000,44388000,91446000,53060000,-3.877264125439308,-21.868290957631668
AGM,2018-09-30,Q3,85224000,777591000,18474034000,397831000,0.43840013580404097,18.499277244258412
ATOM,2018-09-30,Q3,-9698000,8957000,10408000,96000,-4.330914368650218,-36.181818355213515
SPOK,2018-09-30,Q3,-946000,279109000,339363000,126218000,-0.013557427385000126,-18.4738912498464
LAND,2018-09-30,Q3,3849000,141654000,509896000,28657000,0.10868736498792833,-3.4118607796686247
ESTC,2018-10-31,Q2,-46117000,283886000,459531000,120219000,-0.6497960448912592,9.602939381318935
OPBK,2018-09-30,Q3,10488765,124975153,1035028184,36248062,0.3357072105364816,-16.12350033484929
NTCT,2018-09-30,Q2,-88932000,2036598000,3243005000,428908000,-0.174667754755725,-7.704726438974848
STWC,2017-01-31,FY,-975420,-3401454,845706,23250,0.2867656008283516,-67.04545531514263
MFCO,2018-09-30,FY,-16059,1189912,1770298,3341811,-0.013495956003469164,-22.033893425071955
SRRE,2017-12-31,FY,62866782,81259024,164903033,27555845,0.7736590830822679,766.6666004392862
EA,2018-09-30,Q2,548000000,5317000000,8450000000,2423000000,0.41226255407184503,-18.613359689304843
CTSO,2018-09-30,Q3,-11808000,20070729,34249471,16423063,-2.3532777508978375,-59.77057041115358
TTOO,2018-09-30,Q3,-36004000,23762000,75896000,8708000,-6.060769295513846,-60.863095238095234
BH,2018-09-30,Q3,-23056000,528418000,974015000,614546000,-0.17452849827220118,-39.81983092715484
MORN,2018-09-30,Q3,140600000,927600000,1439500000,757200000,0.6062958171625701,16.622799322586214
DRRX,2018-09-30,Q3,-18023000,26094000,56860000,14937000,-2.762780715873381,83.33332303129615
NL,2018-09-30,Q3,-42098000,292143000,569959000,90827000,-0.5764026521258425,-41.81239891848177
ISCO,2018-09-30,Q3,-1103000,2786000,8725000,8866000,-1.583632447954056,-67.94871677308389
MRK,2018-09-30,Q3,4393000000,32422000000,85130000000,31296000000,0.5419776694836839,15.909411005655608
UCC,2018-09-30,Q3,743000000,1739000000,5725000000,105000000,1.7090281771132836,-3.104512150769733
WTER,2018-09-30,Q2,-2025718,5521351,11450665,16520385,-1.4675524160662852,-64.6370046224242
SYNA,2018-09-30,Q1,3800000,710100000,1524800000,417600000,0.021405435854105054,-10.785861139349835
VICI,2018-09-30,Q3,387487000,6123808000,10568501000,671938000,0.25310199144061996,5.979286588743752
CL,2018-09-30,Q3,1915000000,-430000000,12571000000,11733000000,-17.813953488372093,9.229167242539784
UFPI,2018-09-29,Q3,120780000,1076120000,1677171000,3500999000,0.4489462141768576,18.13624757756598
ZTS,2018-09-30,Q3,1079000000,2118000000,10459000000,4261000000,2.0377714825306894,35.1734634253533
JKHY,2018-09-30,Q1,83551000,1368564000,2033102000,392543000,0.24420049044107547,-9.63279219829135
SSTK,2018-09-30,Q3,39774000,268598000,513220000,461178000,0.5923201215198922,-35.142068628887294
INN,2018-09-30,Q3,85369000,1214516000,2262931000,434761000,0.28116220782599816,-13.744430729767032
CVAT,2018-06-30,FY,-250000,-545000,1079000,1303000,0.45871559633027525,-50.0
CBZ,2018-09-30,Q3,62543000,601915000,1189856000,722980000,0.41562679115822,0.6037058491776646
FSS,2018-09-30,Q3,61500000,511800000,1009300000,810100000,0.4806565064478312,25.506692824452227
YORW,2018-09-30,Q3,9699000,124272000,340350000,36368000,0.3121861722672847,44.67172301798565
NGTF,2018-09-30,Q1,-517600,-2901539,108677,102188,0.7135523596270806,14.377511593701806
NVRO,2018-09-30,Q3,-39598000,244302000,451050000,279345000,-0.6483450810881614,49.95559120487641
PINC,2018-09-30,Q1,81973000,-1955817000,2516552000,401546000,-0.16764963184183387,-36.3834427184579
MTN,2018-10-31,Q1,-110726000,1339595000,4215922000,220004000,-0.33062530093050513,-6.163458953421473
SOI,2018-09-30,Q3,61300000,158289000,372824000,139859000,1.5490653172361946,-28.351882053689792
ICD,2018-09-30,Q3,-11396000,225721000,317607000,79820000,-0.2019484230532383,-75.3715482860508
TCS,2018-09-29,Q2,-3523000,240972000,751454000,420276000,-0.05847982338196969,-58.23754493528123
ISRG,2018-09-30,Q3,833700000,6280600000,7318600000,2677700000,0.5309683788173104,-7.135399330980399
TAYD,2018-08-31,Q1,740832,34425578,41400734,7314094,0.08607925188648975,-7.757884764918052
KVHI,2018-09-30,Q3,-6410000,101730000,204472000,46521000,-0.2520397129656935,-15.510520521837506
MLI,2018-09-29,Q3,79089000,568986000,1421743000,1948791000,0.5559996203773028,0.1765577152118329
MGM,2018-09-30,Q3,578134000,6773358000,29973515000,8710234000,0.3414164731880406,1.2625330439470683
ALCO,2018-09-30,FY,12800000,172117000,423422000,81281000,0.07436801710464394,0.6537812660622554
SSP,2018-09-30,Q3,-2230000,905652000,2068030000,840312000,-0.00984925777230106,-18.84236150904634
KALV,2018-10-31,Q2,-8334000,106951000,132559000,9311000,-0.3116941403072435,-42.59258941554699
KOP,2018-09-30,Q3,31600000,68800000,1535600000,1284800000,1.8372093023255813,-6.715938612549778
SRAX,2018-09-30,Q3,12717573,28922986,34341324,8823592,1.7588188162868108,-37.96424661821921
GRWG,2018-09-30,Q3,-2668998,30923667,36209519,19939572,-0.34523693454595794,-0.904976496891065
BRFH,2018-09-30,Q3,-6052507,-24513,5148448,3329451,987.6403540978256,-55.714285265145556
GHC,2018-09-30,Q3,214670000,2975357000,4873743000,2006879000,0.2885973010969776,13.804163676613951
BLBD,2018-09-29,FY,30820000,-28336000,307430000,1024976000,-1.0876623376623376,-21.443302115214237
BKSC,2018-09-30,Q3,5116740,43299534,428377382,13409462,0.47268314712116766,-9.636802943727119
VSH,2018-09-29,Q3,243878000,1456639000,3349634000,2258797000,0.6697005915672998,-15.938426920323206
AXP,2018-09-30,Q3,4911000000,21460000000,189092000000,7740000000,0.9153774464119292,9.907316645818408
TRST,2018-09-30,Q3,45412000,477118000,4885351000,134050000,0.380719235073923,-0.9650217575787082
SYK,2018-09-30,Q3,1485000000,9860000000,22084000000,9805000000,0.6024340770791075,19.568994071236386
PLCE,2018-11-03,Q3,88937000,343458000,837253000,1407526000,1.035783123409558,-41.31840565864366
CHYL,2017-12-31,FY,125939,649999,1187516,500544,0.19375260577323966,-28.251124252494623
GLPI,2018-09-30,Q3,293585000,2358396000,8295898000,752410000,0.49794012540726834,8.359404590479157
INDB,2018-09-30,Q3,91688000,998305000,8375497000,235791000,0.3673747001166978,-7.880198935499544
ITRM,2018-09-30,Q3,-52799000,94098000,116865000,630000,-2.244426023932496,-11.834319348543016
PNC,2018-09-30,Q3,3995000000,47058000000,380080000000,9223000000,0.3395809426664967,3.235527405508895
SALM,2018-09-30,Q3,-132000,226451000,568933000,195595000,-0.0023316302423040747,-56.8914958472169
BRGO,2017-12-31,FY,-214472,-280096,1511126,635948,0.7657088998057808,0.0
PODD,2018-09-30,Q3,-6601000,197929000,886306000,398916000,-0.1334013711987632,55.7752607731197
UUU,2018-09-30,Q2,-560157,11704565,18938616,8572248,-0.19143197547281765,-33.60000133514404
COTY,2018-09-30,Q1,-10100000,8607500000,22592700000,2031300000,-0.004693581179204182,-16.49484520488986
LC,2018-09-30,Q3,-114846000,865639000,3589968000,387808000,-0.5306877347254456,-30.1272274362351
EAT,2018-09-26,Q1,26400000.0,-815900000.0,1244000000.0,753800000.0,-0.12942762593455082,-9.459748306561213
BL,2018-09-30,Q3,-20072000,322433000,474694000,165472000,-0.24900677039881153,-15.264013271763796
CNC,2018-09-30,Q3,653000000,10653000000,31157000000,40786000000,0.24518914859663946,-40.598560225445844
TGNA,2018-09-30,Q3,244850000,1205583000,5172739000,1565146000,0.8123870359817615,27.056824348640035
NWBO,2018-09-30,Q3,-30144000,-47139000,46334000,863000,2.5578820085279705,26.31578823536055
CTSH,2018-09-30,Q3,1453000000,10978000000,15274000000,11996000000,0.529422481326289,-23.681479036064
MAXD,2018-06-30,Q2,-4758842,-16044544,46689,0,1.1864075414047293,-50.0
ACFN,2018-09-30,Q3,-1825000,-1098000,4557000,3776000,6.648451730418944,-3.571425150243618
RNG,2018-09-30,Q3,-20525000,299447000,841843000,485000000,-0.27417205715869586,37.04768696469398
ATGE,2018-09-30,Q1,-9585000,1440035000,2349865000,284190000,-0.02662435288031194,-20.593150355875075
BBW,2018-11-03,Q3,-7510000,103892000,178854000,235056000,-0.2891464212836407,-57.193817241978365
ATI,2018-09-30,Q3,191700000,1980200000,5389000000,3008700000,0.38723361276638724,-30.268070187065792
AOXY,2018-09-30,Q1,2689,307685,669669,9673,0.0349578302484684,-51.93333618111069
VHC,2018-09-30,Q3,-18989000,13364000,14549000,28000,-5.6836276563903025,23.076916920876066
EXPR,2018-11-03,Q3,10718000,611037000,1194266000,1487918000,0.0701626906390284,-65.3361333425869
XOMA,2018-09-30,Q3,-10331000,1153000,46162000,3518000,-35.840416305290546,6.955525938852625
PPSI,2018-09-30,Q3,-1312000,16228000,77406000,74024000,-0.3233916687207296,6.477736193416732
MGPI,2018-09-30,Q3,25462000,190362000,273580000,271239000,0.5350227461363087,-34.027138170127344
CUBI,2018-09-30,Q3,53833000,954812000,10617104000,314649000,0.225522930168452,-8.654261995580168
FEIM,2018-10-31,Q2,153000,64224000,83662000,23153000,0.00952914798206278,3.603600043095768
EPR,2018-09-30,Q3,212952000,2897195000,6114070000,534244000,0.29401127642426556,13.304717928625587
HYSR,2018-09-30,Q1,2497932,-10223962,181954,0,-0.9772853224610968,-50.0
RBCN,2018-09-30,Q3,820000,34503000,35491000,2818000,0.09506419731617541,1.000001695421007
MOS,2018-09-30,Q3,357900000,10441600000,20414700000,7066800000,0.13710542445602206,-38.36324646415154
CTAS,2018-08-31,Q1,212515000,3345968000,7287204000,1697975000,0.2540550298149893,23.634997342566365
NBN,2018-09-30,Q1,4534000,143391000,1213717000,18767000,0.12647934668145142,5.402887212439645
ANY,2018-09-30,Q3,-17677000,707000,72520000,53800000,-100.01131541725601,-54.74777406084657
LEAI,2018-09-30,Q3,-4493000,-43793000,24218000,73534000,0.41038522138241273,-68.33333498901784
PDCO,2018-10-27,Q2,24137000,1451964000,3344254000,2741072000,0.06649476157811075,-24.89025419396898
OSBC,2018-09-30,Q3,25392000,218130000,2612473000,78579000,0.4656305872644753,-18.787082182836652
HMNY,2018-09-30,Q3,-246917325,97523780,132706992,204950836,-10.127471474136872,-66.43835655760476
QSR,2018-09-30,Q3,842800000,2185400000,20985300000,3972500000,1.5426008968609866,18.83072397624748
MTCH,2018-09-30,Q3,358608000,638252000,2324755000,1272506000,2.2474383159003026,28.023341414385307
ACA,2018-09-30,Q3,48000000,1403100000,1610000000,1086000000,0.1368398546076545,16.889805073940373
ISBA,2018-09-30,Q3,10491000,188536000,1833663000,47253000,0.22257818135528493,-15.435991575676585
QNST,2018-09-30,Q1,5297000,153025000,223058000,112869000,0.13846103577846758,-3.6897573868289104
CYBF,2018-09-30,Q2,-448907,-531130,382,0,3.380769303183778,-91.77777827448314
ENVA,2018-09-30,Q3,61427000,352668000,1426268000,801478000,0.6967119216940578,-23.53790714145737
BGSF,2018-09-30,Q3,12696841,62854432,104829536,214863045,0.808015638419897,-26.765941527057223
FIXX,2018-09-30,Q3,-38213561,212760175,268396823,2703998,-0.7184344720528643,-18.72187207905042
ECOR,2018-09-30,Q3,-40429571,79759205,85424483,625385,-2.0275814434208566,-84.76890734602425
OCC,2018-10-31,FY,1068753,26810837,43098460,87828590,0.039862724166351095,-38.736840298301296
GSIT,2018-09-30,Q2,-1997000,88121000,102346000,24098000,-0.09064808615426516,24.637684965303876
SCWX,2018-11-02,Q3,-27323000,711937000,1032013000,387999000,-0.1535135833648202,-24.251686115912495
KW,2018-09-30,Q3,179200000,1253000000,7381400000,594800000,0.5720670391061452,2.5857979559177395
UNFI,2018-10-27,Q1,-19291000,1831946000,8587613000,2868156000,-0.04212132890379957,-65.92356721061104
FHB,2018-09-30,Q3,204399000,2423462000,19983838000,478007000,0.3373669568575864,-0.09259117974175347
MESA,2018-09-30,FY,33255000,374467000,1472388000,681595000,0.088806223245306,-48.44814592646428
HUM,2018-09-30,Q3,1328000000,10593000000,27490000000,42744000000,0.501463230435193,-23.886770702186556
CP,2018-09-30,Q3,622000000,7128000000,21109000000,1898000000,0.3490460157126824,1.9002321464396497
PNR,2018-09-30,Q3,254500000,1880200000,3809500000,2224600000,0.541431762578449,-13.045489140444182
PW,2018-09-30,Q3,624998,8491047,21736324,1480325,0.29442682392406966,70.01675000401359
RGBP,2018-09-30,FY,-4715200,-9121671,209018,100000,0.5169228313540359,-91.07143384258787
ENS,2018-09-30,Q2,93467000,1197905000,2478581000,1331392000,0.31210154394547146,-22.362185076964042
QCOM,2018-09-30,FY,-4864000000,928000000,32686000000,22732000000,-5.241379310344827,5.55096262258656
RVIV,2018-08-31,Q1,-93304,420041,582902,141180,-0.8885227870612631,-40.909090909090914
LRCX,2018-09-23,Q1,533360000,5322825000,10957577000,2330691000,0.40080972040223,52.067978031052235
OC,2018-09-30,Q3,376000000,4165000000,10046000000,5333000000,0.3611044417767107,16.65734042810566
DLA,2018-09-29,FY,1337000,150025000,343609000,395450000,0.008911848025329112,27.262684315184504
FUNC,2018-09-30,Q3,8285000,115581000,1347906000,38350000,0.28672532682707363,19.073281343694266
RJF,2018-09-30,FY,850917000,6368461000,37412924000,7475821000,0.13361422799009054,-9.172624032654204
VIAV,2018-09-29,Q1,-15300000,709600000,1888800000,268500000,-0.08624577226606539,15.776500117152267
BWMG,2018-09-30,Q3,-376935,37481,1344120,2052663,-40.22678156932846,-43.79310096770199
ARS,2018-09-30,Q3,-68400000,-800000,2775200000,2644200000,342.0,-59.99999940395355
ALL,2018-09-30,Q3,2521000000,23633000000,114490000000,30334000000,0.4266914907121398,9.438752833631343
INTG,2018-09-30,Q1,1128000,-43468000,133436000,19489000,-0.10380049691727247,-15.0
DDG,2018-09-30,Q3,-37867,-80671,146,0,1.877601616442092,25.135225744748606
IIIN,2018-09-29,FY,36266000,241665000,329534000,453217000,0.1500672418430472,-40.28258678711196
SMAR,2018-10-31,Q3,-42200000,171614000,291809000,125571000,-0.9836027363734894,71.80896782772015
TXN,2018-09-30,Q3,4341000000,10516000000,18573000000,12067000000,1.6511981742107265,18.006313263908723
APO,2018-09-30,Q3,397154000,1627409000,6972158000,1207950000,0.9761627224625156,9.551984303526494
SNGX,2018-09-30,Q3,-5795156,9268469,13289389,4226670,-2.5010197477059046,-48.901098171725934
PDLB,2018-09-30,Q3,2041000,167144000,982711000,33831000,0.04884411046762074,-0.07017848507085069
EXPE,2018-09-30,Q3,373000000,4386000000,19141000000,8664000000,0.3401732786137711,1.4195754609835407
BBY,2018-11-03,Q3,729000000,3012000000,15000000000,28078000000,0.9681274900398407,2.5597745905531353
UTMD,2018-09-30,Q3,15162000,88831000,99152000,32242000,0.6827346309283921,0.7028198427318755
GLBZ,2018-09-30,Q3,1275000,33344000,411365000,10850000,0.1529510556621881,-15.887849981387012
IPG,2018-09-30,Q3,295200000,2137900000,13513100000,5617900000,0.5523176949342813,-6.506549327243144
STBA,2018-09-30,Q3,78480000,919781000,7105363000,213237000,0.34129863521860093,-13.527482124318633
CHYL,2018-09-30,Q3,120419,701901,1291799,504765,0.6862449262787772,-20.000002980232196
DIGP,2018-09-30,FY,-1653657,1014579,1399206,2839916,-1.6298947642322579,-26.05634275775781
APT,2018-09-30,Q3,3007000,32038000,33756000,35655000,0.3754291778513016,0.0
FCX,2018-09-30,Q3,2516000000,9977000000,37749000000,14944000000,1.008720056129097,-29.56204559941599
EBAY,2018-09-30,Q3,1770000000,6929000000,23652000000,7869000000,1.0217924664453746,18.025225816361097
RLJ,2018-09-30,Q3,162943000,3508370000,6184705000,1361327000,0.18577630067524234,-21.992657321008956
RAVE,2018-09-23,Q1,108000,4922000,11455000,2991000,0.08776919951239334,103.75939478969376
ESQ,2018-09-30,Q3,5861000,88495000,645603000,20754000,0.2649189219729928,-0.44733879491247525
MEDD,2018-09-30,Q3,-984080,-7083895,3288393,4123560,0.555671703208475,-74.44444277726198
SMG,2018-09-30,FY,63700000,354600000,3054500000,2663400000,0.179639029892837,25.92593022684192
APPS,2018-09-30,Q2,2196000,32165000,80717000,45966000,0.27309187004508007,421.6666650109821
IEHC,2018-09-28,Q2,3205589,20283401,23038466,15641182,0.6321600603370214,45.98540349229971
SIRI,2018-09-30,Q3,924841000,-1375375000,8273507000,4274784000,-2.6897129873670815,-1.4285738073508307
ASIX,2018-09-30,Q3,45483000,408845000,980276000,1128350000,0.4449901551932884,-22.05483004023075
OVBC,2018-09-30,Q3,8088000,113839000,1033516000,36828000,0.2841908309103207,-0.7111655537858208
RM,2018-09-30,Q3,24575000,267429000,893279000,222957000,0.36757419726357277,-2.863055985716005
TBPH,2018-09-30,Q3,-165338000,-13445000,370964000,44633000,49.18943845295649,-41.516246833853074
RBKB,2018-09-30,Q3,3159000,57013000,819707000,24489000,0.22163366249802677,-11.489364948678524
BOKF,2018-09-30,Q3,338047000,3615032000,33289864000,862834000,0.3740459282241485,-18.08204846504407
RHP,2018-09-30,Q3,105476000,357495000,2644645000,914553000,1.180167554790976,-4.313269795179079
WNC,2018-09-30,Q3,57837000,479887000,1350207000,1657082000,0.4820884916657463,-18.613745576528927
PPCB,2018-09-30,Q1,-2124936,-5558044,82775,0,1.5292689298609368,-97.66666666666667
EXEL,2018-09-28,Q3,329981000,915966000,1024366000,625224000,1.4410185530903985,1.5801393763852363
ANF,2018-11-03,Q3,-19556000,1124470000,2283069000,2434507000,-0.06956521739130435,-17.338512231023547
GURE,2018-03-31,Q1,-6977100,390934007,397339967,2247267,-0.07138903114151438,-24.647887655014895
YELP,2018-09-30,Q3,23404000,1129494000,1233257000,699033000,0.08288313173863694,-28.92835442483613
NMEX,2018-07-31,FY,-769776,-557374,250716,59444,1.3810762611818994,-41.2857158214462
HBI,2018-09-29,Q3,391463000,870588000,7455506000,5035654000,1.7986142698957486,-15.86859450488158
APPB,2018-09-30,Q2,-515516,669002,1006771,59400,-3.082298707627182,-17.355374506315925
EXTR,2018-09-30,Q1,-9065000,117131000,731884000,239886000,-0.3095679196796749,33.09222159630761
AREC,2017-12-31,FY,-14025466,-40490920,18263385,20820998,0.3463854612342718,19899.999701976783
CORT,2018-09-30,Q3,53402000,259545000,299751000,184416000,0.8230094973896627,6.036363081498579
DLTI,2018-09-30,Q3,-320332,450108,1849166,575191,-2.846712344592853,-23.275861094454353
CORR,2018-09-30,Q3,23215881,449753608,622933768,66331559,0.20647644031796183,28.64893484464061
DXLG,2018-11-03,Q3,-6300000,65631000,241035000,342606000,-0.3839648946382045,-55.39358770811143
EMKR,2018-09-30,Q4,-17453000,106805000,135898000,85617000,-0.6536398108702776,-32.44444529215495
X,2018-09-30,Q3,523000000,3941000000,10569000000,9415000000,0.5308297386450139,-62.54545479766593
ATRC,2018-09-30,Q3,-17707000,163768000,271962000,148737000,-0.43248986370963804,-29.469150645849616
JBT,2018-09-30,Q3,61200000,432400000,1521200000,1382400000,0.5661424606845513,-13.022088967512065
SCX,2018-09-30,Q1,584000,86990000,178427000,51901000,0.02685366134038395,-10.126587435748647
SVU,2018-09-08,Q2,-79000000,436000000,4056000000,8267000000,-0.7247706422018348,0.7754342028058139
OCUL,2018-09-30,Q3,-42579000,45517000,70270000,1486000,-3.741810752026715,-54.571027307745936
VUZI,2018-09-30,Q3,-16311854,35595113,39177304,6114877,-1.8330442159293048,-63.06729351476827
ITW,2018-09-30,Q3,1956000000,3546000000,15319000000,11188000000,2.206429780033841,8.243679685673634
