Symbol,EndDate,Quarter,NetIncome,StockholdersEquity,TotalAssets,NetSales,ROE,Percent_Growth
FAT,2018-12-30,FY,-1798000,5739000,57960000,18367000,-0.31329499912876807,1.0638338885950083
DENN,2018-12-26,FY,43693000,-133345000,335349000,630179000,-0.32766882897746447,24.53874363439998
BMRA,2018-11-30,Q2,-928984,4412012,5428762,2773661,-0.8422316167771076,7.473311118264611
THCT,2019-01-31,Q2,-3982277,-1479648,109094,0,10.765471247215554,-68.05555537159059
LLY,2018-12-31,FY,3232000000,9828700000,43908400000,24555700000,0.32883290770905615,13.463534105344715
CRMZ,2018-12-31,FY,-179332,2957832,13617180,13891004,-0.06062954217818997,-15.789471372673027
BHE,2018-12-31,FY,22817000,1132225000,1899783000,2566465000,0.02015235487646007,63.45608325333516
RUN,2018-12-31,FY,26657000,948707000,4749787000,759981000,0.028098243187833546,26.170792818596176
CUII,2018-03-31,Q1,1314522,21949041,59793187,17489380,0.23955889462323207,-41.99999809265137
XCUR,2018-12-31,FY,-22413000,20952000,28756000,118000,-1.0697308132875143,-19.77401186766003
BFNH,2018-12-31,FY,-67738,29804,35127,16310,-2.272782176889008,-82.56880809197007
YRIV,2018-12-31,FY,-13716485,171412244,386047090,0,-0.08002045058111484,-92.4846584904688
BLK,2018-12-31,FY,4302000000,32374000000,159573000000,14198000000,0.13288441341817508,27.498596558121918
RMR,2018-12-31,Q1,118080000,280858000,690299000,280313000,1.6817039215546645,-14.638282196173172
UHAL,2018-12-31,Q3,370026000,3692040000,11645760000,3043175000,0.40089056456593103,13.94654261896034
PTRC,2019-01-31,Q3,-4064455,4306452,10942705,1324483,-3.7752237805042297,-71.61904558086603
AMKR,2018-12-31,FY,129565000,1830540000,4495447000,4316466000,0.07077966064658515,102.28659410842971
NBN,2018-12-31,Q2,9659000,148491000,1194127000,39095000,0.26019085331770947,32.75552714990575
HCKT,2018-12-28,FY,23909000,123590000,180752000,285887000,0.19345416295816814,-0.12563101550140088
PSX,2018-12-31,FY,5873000000,24653000000,54302000000,111461000000,0.23822658499979718,28.113755997354907
CPB,2019-01-27,Q2,135000000,1269000000,14024000000,5407000000,0.425531914893617,40.97081784198138
CHRW,2018-12-31,FY,664505000,1595087000,4427412000,16631172000,0.41659483150448845,-7.789268293036991
HFUS,2019-01-31,Q2,-158936,457593,459265,0,-1.3893219520403504,-49.33333396911621
APPF,2018-12-31,FY,19967000,91846000,175741000,190071000,0.21739651155194564,83.45153183088459
FEIM,2019-01-31,Q3,-168000,64591000,84248000,36345000,-0.010403926243594309,-30.060420022954453
CIZN,2018-12-31,FY,6673127,83866317,958630077,31358732,0.07956861871017896,1.4285677955264138
SJW,2018-12-31,FY,38767000,889312000,1956389000,397699000,0.04359212514842935,29.07228028437259
DVA,2018-12-31,FY,333040000,3703442000,19110252000,11404851000,0.0899271542527195,43.956477164818494
RC,2018-12-31,FY,61457000,544831000,3036843000,169499000,0.11280011599927317,10.990603515175971
GPS,2019-02-02,FY,1003000000,3553000000,8049000000,16580000000,0.2822966507177033,-31.13133158809932
BMRN,2018-12-31,FY,-77211000,2967940000,4427128000,1491212000,-0.026015013780602034,-0.6576690287176139
FNCB,2018-12-31,FY,13349000,97219000,1237732000,45085000,0.1373085507976836,-2.9620854553247065
NOBH,2018-11-03,FY,4963632,49066501,57014688,42812265,0.10116131981777139,7.608695652173914
CNFR,2018-12-31,FY,-9227000,42163000,232752000,98911000,-0.21884116405379123,14.285714285714285
NVRO,2018-12-31,FY,-49205000,245483000,463116000,387289000,-0.20044157843924018,200.89997037699686
PBH,2018-12-31,Q3,103474000,1233120000,3668082000,734751000,0.33564940962761125,33.160621921674796
LTUM,2018-12-31,FY,-104493,569681,1025875,0,-0.1834237055474906,-56.66666480402147
RFIL,2019-01-31,Q1,640000,28693000,32507000,10647000,0.08922036733698115,-25.305624626341555
MRAM,2018-12-31,FY,-17754000,24921000,45045000,49417000,-0.712411219453473,-5.882351441216902
KBLB,2018-12-31,FY,-1168977,-4459223,71383,401620,0.2621481365699809,279.99998956918733
MKC,2018-11-30,FY,933400000,3182200000,10256400000,5408900000,0.29331908742379487,12.833333333333332
GVP,2018-12-31,FY,-354000,31129000,61440000,92249000,-0.011372032509878248,-12.380954197474889
DCO,2018-12-31,FY,9035000,256825000,648143000,629307000,0.03517959700184951,40.58370540285913
DVN,2018-12-31,FY,3224000000,9186000000,19566000000,4449000000,0.3509688656651426,13.265304568192873
NTGR,2018-12-31,FY,-18329000,627552000,1043376000,1058816000,-0.029207141400234563,-23.6910299407751
FDP,2018-12-28,FY,-15900000,1692000000,3255200000,4493900000,-0.009397163120567376,24.591909972062552
OPRX,2018-12-31,FY,226344,18458445,25054578,21206363,0.01226235471081123,-7.2926177872513485
ARTH,2018-12-31,Q1,-2600237,-664072,3636645,0,15.662379982893421,-56.8113219063237
THRM,2018-12-31,FY,41899000,479699000,803047000,1038259000,0.08734435552294251,11.405706416963971
ECPG,2018-12-31,FY,109736000,818009000,4631875000,153425000,0.1341501132628125,50.510633752701125
CRWS,2018-12-30,Q3,3627000,40710000,54954000,54664000,0.3563743551952837,12.96295920190177
HSIC,2018-12-29,FY,562126000,2961332000,8500527000,13201995000,0.18982201252679537,8.111951232776992
CDMO,2019-01-31,Q3,-4551000,53064000,76110000,36548000,-0.34305744007236544,71.6883194090687
RDNT,2018-12-31,FY,38133000,127184000,1109330000,975146000,0.2998254497421059,99.90166933326631
SMMF,2018-12-31,FY,28072000,219830000,2200586000,95409000,0.12769867624982942,39.15070731423278
GH,2018-12-31,Q4,-84263000,483152000,587403000,90639000,-0.6976106898036228,107.26257873331147
GGG,2018-12-28,FY,341054000,751873000,1472741000,1653292000,0.4536058616282271,26.896891197910527
C,2018-12-31,FY,18045000000,196220000000,1917000000000,70828000000,0.09196310263989399,52.72762204924272
LOAN,2018-12-31,FY,4204424,32081375,55903132,7224562,0.13105498127807802,11.032026658082467
CIVB,2018-12-31,FY,14139000,298898000,2138954000,73677000,0.04730376248753755,38.05969650820526
ACAN,2018-09-30,FY,-4432716,6830276,9457421,0,-0.6489805097187874,-71.41100519045965
BIIO,2018-12-31,Q2,-134838,-281695,0,0,1.914666572001633,-90.31944473584494
PRTT,2018-06-30,Q2,-8159,-151600,20072,0,0.21527704485488128,-5.77464087570811
SKX,2018-12-31,FY,371273000,2034958000,3228255000,4642068000,0.18244750014496613,89.9956436789348
TREX,2018-12-31,FY,134572000,342963000,465122000,684250000,0.3923805191813694,51.297164142771464
NDLS,2019-01-01,FY,-8441000,52681000,172032000,457841000,-0.16022854539587328,-21.52974494682624
WEN,2018-12-30,FY,460115000,648449000,4292035000,651577000,0.7095623557134023,41.96028401533675
DTGI,2018-01-31,Q2,-1838000,-1126000,870000,207000,6.529307282415631,-36.15384433161336
STRS,2018-12-31,FY,-3986000,123986000,496493000,87600000,-0.032148790992531415,27.648045015337537
EXC,2018-12-31,FY,2084000000,30764000000,119666000000,35985000000,0.06774151605772981,0.6208424668864846
LAND,2018-12-31,Q4,2766000,176246000,565119000,36687000,0.06277589278621926,12.195127421859347
SIEN,2018-12-31,FY,-82627000,66878000,168359000,68126000,-1.2354885014504022,-33.12352398076
NVTA,2018-12-31,FY,-129355000,161839000,282959000,147699000,-0.7992820024839501,39.60216089140435
VAC,2018-12-31,FY,52000000,3461000000,9018000000,2785000000,0.015024559375902918,83.84626429645807
INSM,2018-12-31,FY,-324277000,208266000,604556000,9835000,-1.5570328330116294,78.58232095691334
CLX,2018-12-31,Q2,392000000,742000000,5073000000,3036000000,2.1132075471698113,-0.8174351315850302
UPWK,2018-12-31,FY,-19907000,243745000,391573000,253354000,-0.08167141890090053,-43.125345976811026
DVAX,2018-12-31,FY,-158899000,63065000,210884000,8198000,-2.519606754935384,-38.9070996105048
FTNT,2018-12-31,FY,332200000,1010200000,3078000000,674400000,0.3288457731142348,51.85289448879714
GD,2018-12-31,FY,3345000000,11732000000,45408000000,36193000000,0.28511762700306853,11.958518535773614
XOMA,2018-12-31,FY,-13343000,18785000,63785000,5068000,-0.7103007718924674,119.13043596261477
AXP,2018-12-31,FY,-26721000,4526000,24004000,7817000,-5.903888643393725,30.402857165039602
KN,2018-12-31,FY,67700000.0,1211600000.0,1547900000.0,826900000.0,0.05587652690656982,59.128472107033346
ALGN,2018-12-31,FY,400235000,1252891000,2052458000,1966492000,0.31944917794125743,31.609613962750572
GDSI,2016-12-31,FY,-1043783,-1896424,29273,14386,0.5503953757176665,449.99997089617096
VLY,2018-12-31,FY,261428000,3350454000,31863088000,1159248000,0.0780276344638667,28.378372428073035
MYRG,2018-12-31,FY,31294000,322984000,748755000,1531169000,0.09689024843335893,15.08696514427024
ALPN,2018-12-31,FY,-36487000,44591000,54873000,705000,-0.8182592899912539,3.8043441289652717
SSNT,2018-12-31,FY,262432,4334160,11744385,41000312,0.06054967975340089,81.03447974649526
GBLX,2018-12-31,Q3,-19433195,10329990,30634647,2728277,-7.5249617860230265,-75.0
ABEO,2018-12-31,FY,-56671000,134045000,174399000,2998000,-0.42277593345518294,-51.120448179271705
MFIN,2018-12-31,FY,-22739000,262608000,1381846000,100836000,-0.08658913665996466,55.22388317672774
SCHW,2018-12-31,FY,3507000000,20670000000,296482000000,10132000000,0.16966618287373003,15.14568047293797
WHR,2018-12-31,Q4,-159000000,2291000000,18347000000,21037000000,-0.2776080314273243,36.82043366970869
STBA,2018-12-31,FY,105334000,935761000,7252221000,289826000,0.11256506736228589,6.791753922993722
AMBA,2019-01-31,FY,-30447000,419489000,466853000,227768000,-0.07258116422599878,60.63158135665091
OVBC,2018-12-31,FY,11944000,117874000,1030493000,49197000,0.10132853725164158,11.89601344187669
CASI,2018-12-31,FY,-27471568,109462466,113410001,0,-0.25096792538914664,-22.388059276598664
ARW,2018-12-31,FY,721574000,5324990000,17784445000,29676768000,0.1355071089335379,22.422055689824543
SPSC,2018-12-31,FY,23872000,318974000,386123000,248240000,0.07483995560766708,34.35300315038993
GAXY,2018-12-31,Q2,-1886250,-709121,7043386,1368630,10.639933100274847,-92.51700680272108
ALL,2018-12-31,FY,2252000000,21312000000,112249000000,39815000000,0.10566816816816817,35.265642452194406
MTG,2018-12-31,FY,670097000,3581891000,5677802000,1123848000,0.18707911547280473,34.79923833697799
IRBT,2018-12-29,FY,87992000,535322000,766961000,1092584000,0.1643720975412929,-37.66419620900897
GRBK,2018-12-31,FY,64535000,468351000,784026000,623647000,0.13779195517891496,58.83978402700848
AMRC,2018-12-31,FY,37577000,376875000,1161634000,787138000,0.09970679933665008,25.460993301148292
XERS,2018-12-31,FY,-60080000,75406000,120028000,100000,-0.796753573986155,-57.411766052246094
TECH,2018-12-31,FY,-600840,99072,104872,38950,-6.06468023255814,50.26257938060198
ES,2018-12-31,FY,1040500000,11486817000,38241256000,8448200000,0.0905820994623663,29.78167662042226
MMSI,2018-12-31,FY,42017000,932775000,1620012000,882753000,0.04504516094449358,-45.063610297481446
ATUS,2018-12-31,FY,20594000,3670941000,33613808000,9566608000,0.005610005717879966,63.74091094136889
SFBC,2018-12-31,FY,7039000,71627000,716735000,32947000,0.09827299761263211,10.230420611694631
FANG,2018-12-31,FY,262877000,1237042000,1654064000,288820000,0.2125045067184461,-1.7583573970644855
INOD,2018-12-31,FY,11000,30566000,46051000,57418000,0.0003598769875024537,-22.00000286102295
APPB,2018-12-31,Q3,-2407059,1643625,1808617,472509,-5.857927446954141,-67.62731956899795
DRH,2018-12-31,FY,87796000,1882897000,3197580000,863704000,0.04662814800809603,23.12775769950226
MPWR,2018-12-31,FY,105268000,640093000,793432000,582382000,0.1644573522909952,53.45376291582661
CLNE,2018-12-31,FY,-9183000,507998000,699082000,346419000,-0.018076842822215836,33.72092523595469
DLB,2018-12-28,Q1,98358000,2343305000,2823060000,42097000,0.16789619789143964,12.34587256415627
MLI,2018-12-29,FY,106820000,548356000,1369549000,2507878000,0.19480045809656502,35.916092339186676
GILD,2018-12-31,FY,5460000000,21387000000,63675000000,22127000000,0.2552952728292888,3.8049577892002535
O,2018-12-31,FY,364598000,8088742000,15260483000,1327838000,0.045074747099116276,16.19607076364862
MNRO,2018-12-29,Q3,62936000,686134000,1267081000,913027000,0.3669020920111815,14.807273171164773
TAUG,2018-12-31,Q3,-476746,89585,573710,0,-21.286867221074957,82.14285619252797
KDP,2018-12-31,Q4,589000000,22533000000,48918000000,7442000000,0.10455775973017352,12.597509853642977
CUZ,2018-12-31,FY,80765000,2765865000,4146296000,475212000,0.029200629821050556,30.126577327504013
SLM,2018-12-31,FY,487476000,2972656000,26638173000,1935352000,0.16398668396208643,7.460888739493947
LFVN,2018-12-31,Q2,1740000,21018000,54093000,113776000,0.33114473308592635,18.574684161348976
JWN,2019-02-02,FY,564000000,873000000,7886000000,15480000000,0.6460481099656358,-19.554777704384772
QRON,2018-12-31,FY,-3931028,107275,195847,0,-36.644399906781636,-77.82608691145207
IMAX,2018-12-31,FY,22844000,512161000,873600000,374401000,0.04460316189635681,9.67570306484874
GEF,2019-01-31,Q1,35800000,1119200000,3300200000,897000000,0.12794853466761974,8.435899783403446
CPT,2018-12-31,FY,160694000,3311423000,6219586000,954505000,0.04852717396720383,19.602491662254817
THS,2018-12-31,FY,-61400000,2141900000,5599300000,5812100000,-0.028666137541435176,-5.265230165943471
HLX,2018-12-31,FY,28598000,1617779000,2347730000,739818000,0.017677321809715665,78.55822772403592
ATNI,2018-12-31,FY,34872000,695387000,1107304000,451207000,0.05014761564423839,-21.655246928723344
RYN,2018-12-31,FY,117330000,1556873000,2780666000,816138000,0.07536260183072094,18.093174908825777
CYTK,2018-12-31,FY,-106289000,25934000,211178000,31501000,-4.0984421994293205,62.34177136398284
VC,2018-12-31,FY,174000000,465000000,2007000000,2984000000,0.3741935483870968,43.19840982556683
WCC,2018-12-31,FY,225355000,2129726000,4605036000,8176601000,0.10581408124801031,24.979170163472496
VNO,2018-12-31,FY,422603000,4465231000,17180794000,2163720000,0.09464303190585213,5.819765728508181
KMX,2018-11-30,Q3,649857000,3435113000,18396812000,13854498000,0.7567227046097174,47.20751110257627
CETX,2018-12-31,Q1,-2176298,32646618,65084980,17284544,-0.26664912120453027,-71.90766476919183
BFAM,2018-12-31,FY,157981000,779477000,2524306000,1903182000,0.2026756402049066,34.54463979741475
POR,2018-12-31,FY,212000000,2506000000,8110000000,1991000000,0.08459696727853153,21.723016860712878
TCS,2018-12-29,Q3,5798000,251438000,772022000,641913000,0.0922374501865271,-9.433958303239445
EBF,2018-11-30,Q3,29233000,287722000,362334000,300080000,0.40640618374681114,5.683556907204514
SSY,2018-12-31,Q2,-575000,16233000,25726000,26275000,-0.14168668761165526,1.754384313814067
HUBS,2018-12-31,FY,-63828000,244641000,833953000,512980000,-0.2609047543134634,25.85699615702559
BSX,2018-12-31,FY,1671000000,8726000000,20999000000,9823000000,0.19149667659867065,27.30617284723541
KIM,2018-12-31,FY,498463000,5333804000,10999100000,1164762000,0.09345356522286909,41.77475084362749
WFCF,2018-12-31,FY,674978,10765809,14463938,17803559,0.06269644947258492,-14.572862334836728
ERIE,2018-12-31,FY,288224000,973672000,1778327000,2382212000,0.29601755005792507,24.544296616854787
CRI,2018-12-29,FY,282068000,869433000,2058858000,3462269000,0.32442752920581575,34.84439335332256
CMC,2019-02-28,Q2,33592000,1498300000,3728692000,2680125000,0.08968030434492424,11.661633801492364
AFG,2018-12-31,FY,517000000,4970000000,63456000000,7150000000,0.1040241448692153,20.91019613435016
PEBK,2018-12-31,FY,13382000,123617000,1093251000,45350000,0.10825371914866078,30.008178361900935
WTW,2018-12-29,FY,223568000,-808943000,1414541000,1514121000,-0.2763705230158367,32.85920828126411
LANC,2018-12-31,Q2,86935000,704771000,875458000,666235000,0.49340849722817764,-9.66300818665176
FMCC,2018-12-31,FY,9235000000,4477000000,2063060000000,70054000000,2.0627652445834266,172.64153404819925
SSD,2018-12-31,FY,126633000,855514000,1021663000,1078809000,0.14801978693510567,48.365039670948015
BWA,2018-12-31,FY,984600000,4225500000,10095300000,10529600000,0.23301384451544196,24.928030784038462
KFFB,2018-12-31,Q2,305000,66810000,320954000,6224000,0.018260739410267925,12.735168362854454
CRIS,2018-12-31,FY,-32600000,-4496000,37365000,10428000,7.250889679715303,126.08694901012665
REVG,2019-01-31,Q1,-14600000,515100000,1374600000,518700000,-0.1133760434867016,25.270749960952145
AAP,2018-12-29,FY,423847000,3550813000,9040648000,9580554000,0.11936618458927575,0.565222502032357
PXLW,2018-12-31,FY,-4621000,44823000,65341000,76554000,-0.10309439350333534,19.655169465454055
HURN,2018-12-31,FY,13646000,540624000,1049532000,795125000,0.02524120275829412,33.073469015417814
WPS,2018-12-31,FY,172800000,1769900000,5217700000,1498500000,0.09763263461212499,12.296988789901231
SFDL,2018-12-31,FY,7207221,80518433,912614259,33072075,0.0895101994843839,19.25795374510947
SDPI,2018-12-31,FY,-58375,14777431,27006405,18245212,-0.0039502806678643945,-29.059827884195
PFS,2018-12-31,FY,118387000,1358980000,9725769000,359829000,0.08711460065637464,2.527976094352185
JRVR,2018-12-31,FY,63830000,709241000,3136776000,885599000,0.08999761717103213,12.233161724159602
GPRE,2018-12-31,FY,36734000,946819000,2216432000,3843353000,0.03879727804363875,16.85736152572182
VPG,2018-12-31,FY,23645000,218415000,326383000,299794000,0.10825721676624774,12.272574067654785
LODE,2018-12-31,FY,-9480753,9384902,28611725,150289,-1.010213319222726,-33.84615031925166
UNB,2018-12-31,FY,7072000,64491000,805337000,32180000,0.10965871206835062,-25.13089005235602
RVIV,2018-11-30,Q2,-151343,671002,786695,381339,-0.9021910515915005,-59.99999913302335
CFBK,2018-12-31,FY,4273000,45559000,665025000,24886000,0.0937904695010865,19.760483340761226
CW,2018-12-31,FY,275749000,1530781000,3255385000,2411835000,0.1801361527220419,38.70935182796538
RGRX,2018-12-31,FY,-1993553,-2212053,281040,69667,0.9012229815470063,-12.903225806451612
CBZ,2018-12-31,FY,61570000,593663000,1183031000,922003000,0.10371203864818929,36.59897870682543
AN,2018-12-31,FY,396000000.0,2716000000.0,10665100000.0,21412800000.0,0.14580265095729014,35.71428495104098
TCON,2018-12-31,FY,-34959000,21442000,40648000,3000000,-1.6303982837421882,-64.28571536697764
SNX,2018-11-30,FY,300598000,3432068000,11480434000,20053764000,0.08758509446782523,52.10552490453099
GPC,2018-12-31,FY,810474000,3450451000,12683040000,18735073000,0.23488929418212287,10.414497343894771
TPH,2018-12-31,FY,271513000,2056924000,3884203000,3262747000,0.13199952939437723,42.45196029364443
TWIN,2018-12-28,Q2,6982000,181331000,350830000,152796000,0.15401668771473162,-30.81009438272545
CVCY,2018-12-31,FY,21289000,219738000,1537836000,64187000,0.0968835613321319,14.732372314032252
AMRN,2018-12-31,FY,-116445000,152330000,385714000,229214000,-0.764425917416136,54.518745166374124
GKOS,2018-12-31,FY,-12951000,173860000,206970000,181278000,-0.07449096974577246,-3.542812762400517
CNX,2018-12-31,FY,883111000,4329958000,8592170000,1730434000,0.20395371040550508,-24.430822620085717
WWD,2018-12-31,Q1,49120000,1630867000,3860536000,652811000,0.12047579600298491,59.11966297979355
VIRT,2018-12-31,FY,620192000,1051896000,7380978000,87508000,0.5895944085727106,-38.625775313888795
HLI,2018-12-31,Q3,113758000,850667000,1260170000,793007000,0.5349120161003071,33.47826073435619
MMM,2018-12-31,FY,5363000000,9796000000,36500000000,32765000000,0.5474683544303798,-7.720159532591257
EML,2018-12-29,FY,14505937,96868639,181247567,234275463,0.14974853729492368,23.945405025240422
GLGI,2018-11-30,Q2,1061853,2038573,39080251,32939240,2.083522150053003,-33.333336343668805
HOG,2018-12-31,FY,531451000,1773949000,10665664000,5716875000,0.2995864029912923,10.052756191532245
HRL,2019-01-27,Q1,241519000,5701709000,8155398000,2360355000,0.16943621640459028,12.882407672063678
HWKN,2018-12-30,Q3,20662000,217530000,388444000,423275000,0.3799383993012458,10.207570762632958
MTD,2018-12-31,Q4,512611000,590063000,2618847000,2935586000,3.4749577587477947,40.01731836624179
W,2018-12-31,FY,-504080000,-330721000,1890850000,6779174000,1.524185038143934,-0.6327705186921009
AOSL,2018-12-31,Q2,-6448000,283292000,734188000,229997000,-0.09104386992926027,32.77723542813193
CUII,2018-09-30,Q3,3742957,21778441,56471002,53811717,0.6874609619669286,-16.666666666666664
MRVL,2019-02-02,FY,-179094000,7306410000,10016752000,2865791000,-0.024511901193609447,29.456119066214683
CTSO,2018-12-31,FY,-17211179,16934600,32747326,22503908,-1.016332183813022,-52.599010397646786
IBOC,2018-12-31,FY,215931000,1939582000,11871952000,465822000,0.11132862647725128,25.08720020528393
RMNI,2018-12-31,FY,-68000000,-265586000,118885000,252790000,0.2560375923429699,-21.359221053647143
KWR,2018-12-31,FY,59811000,435052000,709665000,867520000,0.13748011731930895,-7.1352244980703485
DYSL,2018-12-31,Q1,-102000,20898000,30184000,10028000,-0.01952339936836061,8.988769011370557
AMD,2018-12-29,FY,337000000,1266000000,4556000000,6475000000,0.26619273301737756,150.16252760282842
SMSI,2018-12-31,FY,-2740000,20563000,25203000,26285000,-0.13324903953703254,107.77778381182839
SNPS,2019-01-31,Q1,153514000,3778802000,6344486000,820401000,0.16250017862804136,61.564016914290306
OFED,2018-12-31,Q2,1831000,85991000,514048000,9120000,0.0851717040155365,4.457833844806623
DCI,2019-01-31,Q2,133900000,872600000,2166300000,1405100000,0.6137978455191382,13.176818322940273
SXT,2018-12-31,FY,157360000,859947000,1824940000,1386815000,0.18298802135480444,17.726055141194347
SNOA,2018-12-31,Q3,-8576000,13340000,17045000,14588000,-2.571514242878561,-31.924882699175967
VZ,2018-12-31,FY,16039000000,54710000000,264829000000,130863000000,0.2931639554012064,8.875840902564681
ARCB,2018-12-31,FY,67262000,717682000,1539231000,3093788000,0.0937211745592059,-20.548743003743546
KLIC,2018-12-29,Q1,7517000,858409000,1140786000,157208000,0.035027591742397855,33.49777432085875
FNGR,2018-11-30,Q3,-936322,475654,3953919,783842,-7.873975620934545,-61.20401461800918
RGA,2018-12-31,FY,715842000,8450553000,64535245000,12875664000,0.08470948587624975,15.631461767662705
LGND,2018-12-31,FY,143321000,560914000,1260803000,251453000,0.25551332289798434,-23.367718004181608
MDU,2018-12-31,FY,272318000,2566775000,6988110000,4531552000,0.10609344410787856,23.78355499332992
MED,2018-12-31,FY,55789000,109106000,169429000,501003000,0.5113284329001155,-13.133897464278938
FN,2018-12-28,Q2,59363000,801533000,1175926000,780257000,0.29624731608056065,27.25659747509752
AR,2018-12-31,FY,-45701000,7665808000,15519464000,4139626000,-0.00596166770678316,-70.71352609741352
FCEL,2019-01-31,Q1,-17548000,58854000,345955000,17783000,-1.1926462092636014,-72.38561946368284
EGBN,2018-12-31,FY,152276000,1108941000,8389137000,393286000,0.13731659303786226,0.205301356390781
INTU,2019-01-31,Q2,223000000,2796000000,5335000000,2518000000,0.3190271816881259,32.809746620116826
PSMT,2018-11-30,Q1,14645000,765414000,1277243000,779637000,0.07653374513661887,11.735683279638241
F,2018-12-31,FY,3695000000,35932000000,256540000000,160338000000,0.1028331292441278,20.91503117237177
RH,2019-02-02,FY,150639000,-22962000,1806034000,2505653000,-6.5603605957669195,52.40563491244773
CSL,2018-12-31,FY,611100000.0,2597400000.0,5249200000.0,4479500000.0,0.23527373527373527,61.20174959965031
GES,2019-02-02,FY,17166000,837227000,1649205000,2609694000,0.020503399914240703,8.511722756680557
LEE,2018-12-30,Q1,10719000,-27178000,586859000,136201000,-1.5775995290308338,-34.12322574772359
PKBK,2018-12-31,FY,25038000,153557000,1467398000,61864000,0.16305345897614568,34.40169711633458
V,2018-12-31,Q1,2977000000,34095000000,71655000000,5506000000,0.34925942220266903,42.360162464351056
NR,2018-12-31,FY,32281000,569681000,915854000,946548000,0.05666504587655197,-10.771467007934932
FORD,2018-12-31,Q1,-530527,10580862,19368493,10183283,-0.2005609750887971,-23.846150319251656
SEB,2018-12-31,FY,-17000000,3318000000,5307000000,6583000000,-0.005123568414707656,18.852122758085688
UNTY,2018-12-31,FY,21919000,138500000,1579157000,67263000,0.15825992779783393,7.7071308469629285
CETX,2018-09-30,FY,-9240409,35280666,67330614,89936519,-0.2619114106292665,-87.84482796203915
ATR,2018-12-31,FY,194766000,1422556000,3377735000,2764761000,0.13691271204789127,23.057300427098486
AIKO,2018-12-31,Q1,-60647,-673109,1870,0,0.36039928154281103,193.33332008785723
DTGI,2018-04-30,Q3,-2547000,-1401000,2620000,403000,7.271948608137045,-39.31034715223815
MLP,2018-12-31,FY,498000,30919000,48100000,11037000,0.01610660111905301,12.399188838472758
DDD,2018-12-31,FY,-45263000,578369000,825832000,687660000,-0.07825972692174027,-14.847593092959896
HEAR,2018-06-30,Q2,-356000,-6202000,82180000,101691000,0.22960335375685262,-44.369585959417904
AC,2018-12-31,FY,-57383000,866248000,954433000,22779000,-0.06624315438534924,11.524273765407177
AYX,2018-12-31,FY,28020000,301818000,618167000,253570000,0.09283740532373815,66.68907889463456
HLF,2018-12-31,FY,296600000,-723400000,2789800000,4891800000,-0.41000829416643625,-19.25360838324849
THFF,2018-12-31,FY,46583000,442701000,3008718000,126224000,0.1052245194838051,13.897877470218283
AAT,2018-12-31,FY,27202000,802977000,2198250000,330867000,0.03387643730766884,13.268613577322027
RASP,2018-12-31,Q1,-401303,2832589,5163787,0,-0.5666942856870517,-72.22222222222221
MGPI,2018-12-31,FY,37284000,201441000,277892000,376089000,0.18508645211252922,-14.706397023399372
KRC,2018-12-31,Q4,258415000,3929907000,7765707000,747298000,0.2630240359377461,32.39503591900199
ELRE,2018-12-31,Q3,-213603,-1369371,6792,0,0.6239448622761837,215.5737552742781
ETN,2018-12-31,FY,2146000000,16107000000,31092000000,21609000000,0.1332339976407773,38.260989283290314
WAL,2018-12-31,FY,435788000,2613700000,23109486000,1033483000,0.16673221869380572,44.69485176245478
CATY,2018-12-31,FY,271885000,2121866000,16784737000,687955000,0.128134858657427,13.719064886034635
UONE,2018-12-31,FY,142164000,178700000,1237409000,439098000,0.7955456071628427,-2.392342314337228
FSLR,2018-12-31,FY,144326000,5212403000,7121362000,2244044000,0.027688956513914984,32.50117648284905
EFR,2018-12-31,Q4,-25362000,141088000,196766000,31721000,-0.7190405987752325,7.64940257814259
QSR,2018-12-31,FY,1144000000,1611000000,20141000000,5357000000,0.7101179391682185,22.332696893997582
AKTS,2018-12-31,Q2,-14053024,36551392,57561892,636297,-1.5378920726192864,59.15493322600499
UE,2018-12-31,FY,116963000,1005977000,2798994000,414160000,0.1162680657708874,14.801437787328803
HROW,2018-12-31,FY,14625000,24751000,49451000,41372000,0.5908852167589188,35.14938453229105
LYV,2018-12-31,FY,90340000,1098981000,8496886000,10787800000,0.08220342298911446,44.58883062837087
RF,2018-12-31,FY,1759000000,15090000000,125688000000,4393000000,0.11656726308813783,27.952172591956337
SUM,2018-12-29,FY,36330000,1327741000,3857641000,1600159000,0.027362264176522377,92.25806683739802
FHN,2018-12-31,FY,556507000,4489949000,40832258000,1546021000,0.12394506040046335,25.987842826354456
WSBF,2018-12-31,FY,30754000,399679000,1915381000,73700000,0.07694674976668776,14.439141069483139
NKTR,2018-12-31,FY,681313000,1717575000,2150172000,1193323000,0.39667146995036606,-36.811678939191495
SMID,2018-12-31,FY,1687000,18847000,41369000,40220000,0.08951026688597655,-19.786096461224435
ACGL,2018-12-31,FY,727821000,9439827000,32218329000,5450568000,0.07710109517896885,59.917667067005254
JCI,2018-12-31,Q1,399000000,20102000000,48016000000,3922000000,0.07939508506616257,37.09950100799999
DXYN,2018-12-29,FY,-21384000,58984000,252778000,405033000,-0.36253899362538994,61.97183252303194
LYB,2018-12-31,FY,4690000000,10257000000,28278000000,38126000000,0.45724870819927854,13.143328757164713
EFX,2018-12-31,FY,306300000,3107800000,7153200000,3412100000,0.09855846579573975,49.16783234828969
LL,2018-12-31,FY,-54379000,147398000,475517000,955949000,-0.368926308362393,0.9453696910295715
COFS,2018-12-31,FY,7333000,80477000,670544000,24525000,0.09111920175950892,29.800003051757812
ORA,2018-12-31,FY,97966000,1319837000,3121350000,719267000,0.07422583243233824,43.67112903589324
CSPI,2018-12-31,Q1,50000,33419000,54595000,15711000,0.0059846195278135195,34.65850635165538
POST,2018-12-31,Q1,125900000,3146000000,11284800000,1411300000,0.16007628734901463,22.349367562779072
HII,2018-12-31,FY,836000000,1516000000,6383000000,8176000000,0.5514511873350924,32.31569585883948
PRTH,2018-12-31,FY,-15041000,-85473000,388618000,424415000,0.17597369929685397,-68.75
BANF,2018-12-31,FY,125814000,902789000,7574258000,303204000,0.13936146762975624,25.951896898291913
MET,2018-12-31,FY,5128000000,52741000000,687538000000,67941000000,0.09722985912288352,23.477835039526152
RNGR,2018-12-31,FY,-5800000,101900000,302500000,303100000,-0.05691854759568204,25.14506179329875
MRCY,2018-12-31,Q2,19862000,796076000,1156639000,303145000,0.09979951662906557,47.663354787812004
BOKF,2018-12-31,FY,446424000,4432109000,38020504000,1228426000,0.10072495960726598,18.791761128064167
NXEN,2018-12-31,Q2,-2756728,845128,856769,0,-13.047623555248435,-77.14285623054113
SDON,2018-12-31,FY,-19874,-23298,209,0,0.853034595244227,39.9999985098839
SAM,2018-12-29,FY,92663000,460317000,639851000,995649000,0.20130258061292544,57.262085101772776
CTHR,2018-12-31,Q2,1299469,35363235,41752126,16734167,0.14698530832939916,65.88234436140777
UFI,2018-12-30,Q2,2983000,393927000,594383000,349322000,0.0302898760430232,9.588443605196204
ZTS,2018-12-31,FY,1424000000,2185000000,10800000000,5825000000,0.6517162471395881,54.55927671128682
FITB,2018-12-31,FY,2193000000,16250000000,146069000000,5183000000,0.13495384615384615,29.834247112450157
FKYS,2018-12-31,FY,9211000,116756000,1012000000,35573000,0.07889102058994826,10.26252763834559
MGM,2018-12-31,FY,583894000,6512283000,30210706000,11763096000,0.08966041555626499,37.345422013460414
BXC,2018-12-29,FY,-48053000,-14663000,959889000,2862850000,3.2771601991406945,-46.78267864933468
FXNC,2018-12-31,FY,10135000,66674000,752969000,31138000,0.15200827908930017,10.567016416078085
RAIL,2018-12-31,FY,-40581000,193610000,289737000,316519000,-0.20960177676772895,-69.20777391390003
ALKS,2018-12-31,FY,-139311000,1171285000,1825007000,1094274000,-0.11893860162129627,-31.785838683033628
OII,2018-12-31,FY,-212327000,1409235000,2824998000,1900000000,-0.15066827037364244,23.140488832947003
IBIO,2018-12-31,Q2,-8869000,11082000,40303000,696000,-3.2012272153040966,-66.66666666666666
TG,2018-12-31,FY,24842000,354857000,707373000,1065471000,0.07000566425348803,38.83985456767014
INGN,2018-12-31,FY,51845000,310424000,375898000,336015000,0.16701350411050692,-45.35717204263416
SPUP,2018-02-28,Q1,-2300,64167,150000,0,-0.1433758785668646,171.42856686699147
CADE,2018-12-31,FY,166261000,1438274000,12730285000,512666000,0.11559758432676945,20.658001729018142
IINX,2018-12-31,Q2,184007,5554461,19172743,4820436,0.13251114734625016,-14.009660444709404
NTWK,2018-12-31,Q2,5612119,57672427,88145382,33399172,0.38924104927992714,-40.16260146842583
AAPL,2018-12-29,Q1,19965000000,117892000000,373719000000,84310000000,0.6773996539205375,83.7200315081311
EB,2018-12-31,FY,-64078000,415222000,836884000,291611000,-0.15432226616123423,-27.148505508986727
EVTC,2018-12-31,FY,86569000,211459000,927292000,453869000,0.4093890541428835,17.665503693543975
HMN,2018-12-31,FY,18343000,1290550000,11031896000,1191599000,0.014213319902367207,17.03605056913347
RRC,2018-12-31,FY,-1746481000,4059431000,9708154000,3333836000,-0.430228029494774,-51.619641984471755
IFF,2018-12-31,FY,339781000,6032951000,12889395000,3977539000,0.056320861880031846,-5.444257805455048
OFG,2018-12-31,FY,84410000,999877000,6583352000,360419000,0.08442038370719598,43.01337925184651
RGLD,2018-12-31,Q2,35021000,2111670000,2675106000,197585000,0.06633801683028125,43.724455669655505
AMAT,2019-01-27,Q1,771000000,8209000000,18922000000,3753000000,0.37568522353514433,60.20671518790637
PAR,2018-12-31,FY,-24122000,45946000,94681000,201246000,-0.5250076176380969,42.62069175983297
A,2019-01-31,Q1,504000000,5036000000,8952000000,1284000000,0.40031771247021447,10.95331212017304
PPC,2018-12-30,FY,246804000,2009800000,5931202000,10937784000,0.12280027863469002,112.5725385826125
PRA,2018-12-31,FY,47057000,1523002000,4600726000,886030000,0.030897530009809573,-11.415189623647585
ACFN,2018-12-31,FY,-2087000,-1338000,3919000,5087000,1.5597907324364724,26.92308662205794
PRGO,2018-12-31,FY,131000000.0,5668000000.0,10983400000.0,4731700000.0,0.023112208892025407,32.954839891003026
CDLX,2018-12-31,FY,-53042000,51975000,153763000,150684000,-1.0205291005291006,467.9593606172835
RLI,2018-12-31,FY,64179000,806842000,3105065000,818123000,0.07954345460449505,30.67111801321227
MOH,2018-12-31,FY,707000000,1647000000,7154000000,125000000,0.42926533090467517,16.881771563509883
FND,2018-12-27,FY,116187000,584309000,1234091000,1709848000,0.19884513159988979,93.3871541500672
KLAC,2018-12-31,Q2,765044000,1597622000,5605287000,2213158000,1.9154568477399536,99.31835889494582
UBIA,2018-11-30,Q1,-476458,-1854640,671113,112445,1.0276021222447482,-95.45454548533297
SWK,2018-12-29,FY,605200000,7836200000,19408000000,13982400000,0.07723131109466323,38.55018945735405
AJG,2018-12-31,FY,675900000,4498900000,16334000000,6934000000,0.15023672453266354,28.765271988443896
NSIT,2018-12-31,FY,163677000,986989000,2775947000,7080136000,0.16583467495585058,75.3128894267638
ACA,2018-12-31,FY,75700000,1684500000,2172200000,1460400000,0.04493915108340754,61.21342913931325
MERC,2018-12-31,FY,128589000,581429000,1975735000,1457718000,0.2211602792430374,19.25287652940729
DSNY,2018-11-30,Q1,220190,2699934,3089665,984019,0.3262153815611789,-18.738738883868137
NODK,2018-12-31,FY,31244000,275753000,458492000,212370000,0.11330429768669788,6.802286878338315
BPOP,2018-12-31,FY,618158000,5435057000,47604577000,2021848000,0.11373532973067256,24.015247478680674
MRO,2018-12-31,Q4,1096000000,12128000000,21321000000,5902000000,0.36147757255936674,-6.415621105331132
EKSO,2018-12-31,FY,-26992000,2728000,17655000,11332000,-9.894428152492669,-67.66129170363864
MRKR,2018-12-31,FY,-147957910,59340738,62144310,205994,-2.493361474540475,-45.76576507843292
THR,2018-12-31,Q3,16420000,332696000,653800000,298412000,0.1974174621877029,32.74161323880484
INMB,2018-12-31,FY,-12440023,16539576,17363342,0,-0.7521367536870353,-33.44180235141002
EA,2018-12-31,Q3,810000000,5344000000,8857000000,3712000000,0.6062874251497006,35.5088016001714
UIS,2018-12-31,FY,78900000,-1343500000,2457600000,2825000000,-0.05872720506140677,0.0
CAG,2018-11-25,Q2,310600000,7224100000,23006800000,4218100000,0.17197990061045668,-11.871162923387537
QUIK,2018-12-30,FY,-13779000,17255000,36086000,12629000,-0.7985511445957694,-55.185911897851966
VMC,2018-12-31,FY,515805000,5202903000,9832130000,4382869000,0.09913792357843304,44.26112791173749
CRNX,2018-12-31,FY,-27115000,160225000,171415000,2428000,-0.16923076923076924,-20.94031588720936
HOPE,2018-12-31,FY,189589000,1903211000,15305952000,650172000,0.09961533429556681,25.126480456792322
VUZI,2018-12-31,FY,-21875713,30456975,35133640,8094368,-0.7182496948564328,-58.212057913211865
NGVC,2018-12-31,Q1,2197000,149168000,310132000,221515000,0.058913439879867,-34.96412056981574
EGAN,2018-12-31,Q2,2604000,-1337000,48211000,33405000,-7.790575916230367,21.91780851744364
FCN,2018-12-31,FY,150611000,1348825000,2379121000,2027877000,0.11166089003391841,66.02641116895744
CUEN,2018-09-30,Q3,70000,-3383000,8586000,61472000,-0.08276677505172923,-61.49999911968524
MCHP,2018-12-31,Q3,181200000,5161100000,18155700000,4019700000,0.14043517854720894,45.98164701998515
ARAO,2018-12-31,Q3,-993740,-3660495,63046,0,1.0859077802319086,-66.66666749450893
CODA,2019-01-31,Q1,1239013,26029263,31057332,5758508,0.1904030859421567,1.2718588901626446
GDSI,2017-12-31,FY,-1116296,-3012720,122273,0,0.3705276295175124,-34.99999720603221
VICI,2018-12-31,FY,532117000,6817449000,11333368000,897977000,0.07805221571881213,34.61128733942039
HQY,2019-01-31,FY,73899000,477079000,510016000,287243000,0.15489887419064768,10.555017645575463
OMER,2018-12-31,FY,-126757000,-100156000,95936000,29868000,1.2655956707536244,30.610410613281907
RSKIA,2019-01-31,Q3,2559000,37822000,40920000,10551000,0.2706361376976363,28.41190871751754
HON,2018-12-31,FY,6828000000,18180000000,57773000000,41802000000,0.37557755775577556,33.5301276786036
FAST,2018-12-31,FY,751900000,2302700000,3321500000,4965100000,0.32652972597385677,41.32721406002987
CERS,2018-12-31,FY,-57564000,84519000,163460000,76051000,-0.6810776275157066,-18.540434425911123
FMFG,2018-12-31,FY,4712676,45394707,417157877,17768333,0.10381553955178079,5.68669848804102
INVH,2018-12-31,Q4,-5013000,8229111000,18063428000,1722962000,-0.002436715217476104,48.207173017703866
ALLY,2018-12-31,FY,1263000000,13268000000,178869000000,5804000000,0.09519143804642749,33.98058611998991
SPUP,2018-05-31,Q2,-4600,61867,150000,0,-0.29741219066707614,23.076924840374172
SOI,2018-12-31,FY,85952000,168521000,425157000,197196000,0.5100373247251084,19.52026159546477
CKX,2018-12-31,FY,1115060,15197522,15602001,1194763,0.07337117195816528,-11.736178359844892
HAL,2018-12-31,FY,1657000000,9522000000,25982000000,23995000000,0.1740180634320521,-7.599700765845687
EWBC,2018-12-31,FY,703701000,4423974000,41042356000,1651703000,0.1590653561707189,12.657942317358986
SCKT,2018-12-31,FY,-571141,12404435,17331067,16454426,-0.04604329016194611,9.333332379659016
LNC,2018-12-31,FY,1641000000,14350000000,298147000000,16424000000,0.11435540069686412,14.34417579159427
FTI,2018-12-31,FY,-1910800000,10399600000,24784500000,12552900000,-0.1837378360706181,8.886623044358947
HUBG,2018-12-31,FY,201740000,980834000,1924898000,3683593000,0.20568210318973446,38.386834797366205
SCI,2018-12-31,FY,447558000,1641903000,12693243000,3190174000,0.2725849212773227,14.629914182573161
CDNS,2018-12-29,FY,345777000,1288401000,2468654000,2138022000,0.2683768485122256,61.66053738627083
ASRT,2018-12-31,FY,36908000,220335000,932866000,311770000,0.16750856650100981,-64.54293605025731
NBTB,2018-12-31,FY,112566000,1017909000,9556363000,344255000,0.11058552385331105,18.010984431204818
SF,2018-12-31,FY,393968000,3167593000,24519598000,2187145000,0.12437456453527963,47.99614763458948
CVS,2018-12-31,FY,-596000000,58225000000,196456000000,193919000000,-0.010236152855302705,12.484738590171192
AAOI,2018-12-31,FY,-2146000,329094000,466840000,267465000,-0.0065209332288039285,-24.756970660701597
HUM,2018-12-31,FY,1683000000,10161000000,25413000000,56912000000,0.16563330380868024,28.37544502580433
MTX,2018-12-31,FY,173200000,1353500000,3087100000,1807600000,0.12796453638714445,12.310088967745449
PRKA,2018-12-30,Q1,-15483,7794017,9546609,984711,-0.007946095062404918,6.250003492459733
AMPH,2018-12-31,FY,-6660000,332435000,513563000,294666000,-0.020033991607381896,-3.417087026185597
ACOR,2018-12-31,FY,33682000,611983000,1299666000,471433000,0.055037476531210834,-85.94351779927646
TRTK,2018-12-31,Q3,-107342,338876,601750,0,-1.267035729883497,0.0
SCIA,2018-12-31,FY,907869,3522676,7645559,11361575,0.25772140270635163,-48.49785034434602
QNBC,2018-12-31,FY,11335000,104348000,1175452000,43200000,0.10862690228849618,1.168833150492086
KMPR,2018-12-31,FY,190100000,3050100000,11544900000,3725100000,0.062325825382774334,16.31515860072899
WHLR,2018-12-31,FY,-16906000,42061000,508081000,65709000,-0.40194003946648915,81.81819349463524
COP,2018-12-31,FY,6305000000,31939000000,69980000000,36417000000,0.1974075581577382,3.6247027931660694
PRAA,2018-12-31,FY,75734000,1095120000,3909559000,14916000,0.06915589159178903,49.77430752172339
MCB,2018-12-31,FY,25554000,264517000,2182644000,83945000,0.09660626727204678,53.646680517871424
AHH,2018-12-31,FY,23492000,273871000,1265382000,193317000,0.08577761062690098,29.30298550923799
VHC,2018-12-31,FY,-25406000,9888000,11751000,63000,-2.569377022653722,49.166663487752274
SNNC,2016-08-31,FY,-351019,-292829,322771,0,1.1987166571616883,-90.00000037252902
KEY,2018-12-31,FY,1866000000,15595000000,139613000000,4878000000,0.11965373517152933,36.80649308976483
TAP,2018-12-31,FY,1134600000,13507400000,30109800000,13338000000,0.08399840087655655,-4.237893651320775
SHBI,2018-12-31,FY,24997000,183185000,1483076000,55907000,0.13645767939514697,18.8445717467752
TGNA,2018-12-31,FY,405665000,1340924000,5276842000,2207282000,0.30252646682436884,52.43790128128383
EBS,2018-12-31,FY,62700000,1010900000,2229400000,782400000,0.062023939064200215,-8.41767538212611
WPC,2018-12-31,FY,424341000,6824278000,14183039000,885732000,0.062181083478721116,20.95193968069864
BMY,2018-12-31,FY,4947000000,14031000000,34986000000,22561000000,0.35257643788753473,22.604848217539022
PJT,2018-12-31,FY,42558000,-86487000,671817000,575729000,-0.4920739533109022,15.841082224543365
MG,2018-12-31,FY,6845000,270897000,694037000,742354000,0.02526790625219179,-2.920723734015593
HIVE,2018-12-31,FY,-18337000,17608000,141517000,108738000,-1.0414016356201727,-59.99999940395355
ETST,2018-12-31,Q3,-1649999,50442,525169,570975,-130.84326553269102,-89.87341822292001
CPSS,2018-12-31,FY,14862000,197118000,2485680000,389775000,0.07539646303229537,14.950167744500828
WBS,2018-12-31,FY,360418000,2886515000,27610315000,1055167000,0.12486268042951448,7.648611052421478
FMAO,2018-12-31,FY,14949000,143287000,1116163000,46429000,0.104329073816885,-21.797871995653484
EBTC,2018-12-31,FY,28881000,255297000,2964358000,122903000,0.11312706377278228,4.011196895671469
PSSR,2018-10-31,FY,-5484386,3614317,15214184,14817799,-1.5174059165258609,-14.879727662084688
OPOF,2018-12-31,FY,4919000,102006000,1038183000,38257000,0.04822265356939788,23.77462460923599
FMCC,2018-12-31,FY,2224000000,14975000000,162209000000,11977000000,0.14851419031719532,172.64153404819925
LCNB,2018-12-31,FY,14845000,218985000,1636927000,54594000,0.06779003128068133,28.382846552350806
BNED,2019-01-26,Q3,21844000,494687000,1316056000,1702580000,0.1766288582477405,-35.14938453229105
CAH,2018-12-31,Q2,874000000,6043000000,40462000000,72953000000,0.5785206023498263,13.83408563841698
SNGX,2018-12-31,FY,-8899975,6280170,10491702,5241448,-1.4171551088585181,66.2790805987892
AMP,2018-12-31,FY,2098000000,5588000000,137216000000,12924000000,0.37544738725841087,59.11660721850207
IBTX,2018-12-31,FY,128259000,1606433000,9849965000,407290000,0.07984086482287155,20.93073611654821
KNDI,2018-12-31,FY,-5694699,225622874,428829264,112438828,-0.025239900986280317,34.15977223210488
FULT,2018-12-31,FY,208393000,2247573000,20682152000,758514000,0.09271912413968311,13.501293374624721
TCNT,2018-11-30,Q3,-13383,-38766,40590,0,1.3809007893514935,0.9999990463256836
USPH,2018-12-31,FY,48842000,215945000,443166000,453911000,0.22617796198106,11.245727706718766
BLBD,2018-12-29,Q1,-1220000,-79711000,297705000,154926000,0.06122116144572267,26.333143856759484
SGRP,2018-06-30,FY,-24136,48994,53994,0,-0.49263175082663185,-44.262295802797354
SABR,2018-12-31,FY,342660000,974271000,5806381000,3866956000,0.3517091240527533,3.881701369130848
CREX,2018-12-31,FY,-10620000,16821000,37728000,22475000,-0.6313536650615302,-37.28070371124304
WAB,2018-12-31,FY,294944000,2865131000,8649234000,4363547000,0.10294258796543683,10.462631279887677
SFBS,2018-12-31,FY,136940000,714701000,8007382000,326627000,0.19160460108492922,18.983361061804857
AGEN,2018-12-31,FY,-162044016,-172467447,136400708,36783551,0.9395629077758657,68.48741970576073
BAC,2018-12-31,FY,28147000000,265325000000,2354507000000,66769000000,0.1060849901064732,42.65423050556506
ESTC,2019-01-31,Q3,-67468000,272099000,450998000,191054000,-0.9918154789249501,-22.188236012178308
NOVT,2018-12-31,FY,51095000,368255000,719576000,614337000,0.1387489647119523,41.2857176765563
EPRT,2018-12-31,FY,20614000,811041000,1380900000,96223000,0.025416717527227354,77.89017751296625
BWFG,2018-12-31,FY,17433000,174196000,1873665000,80064000,0.10007692484327999,-0.38313725709040763
DK,2018-12-31,FY,340100000.0,1808100000.0,5760600000.0,10233100000.0,0.1880980034290139,1.5072337858050309
CTBI,2018-12-31,FY,59228000,564150000,4201616000,171450000,0.10498626251883364,17.823775435006457
URGN,2018-12-31,FY,-75657000,90094000,103559000,1128000,-0.8397562545785513,-21.063630760704296
NWLI,2018-12-31,FY,116758000,1900777000,11931691000,551599000,0.06142645875870762,-4.496181903026162
CDXS,2018-12-31,FY,-10878000,56306000,79283000,60594000,-0.19319433097716052,-3.652698098704716
AKOM,2018-12-31,Q3,-6689157,41419734,47388685,1745000,-0.6459874416383263,-35.483870085629015
GBLI,2018-12-31,FY,-56696000,629059000,1960266000,498938000,-0.09012827095709623,-18.575764911039006
SPG,2018-12-31,FY,2822343000,3296681000,30686223000,5657919000,0.8561165002012631,-12.143585027803077
HVT,2018-12-31,FY,30307000,274629000,440179000,817733000,0.11035615321033103,7.401487427190929
FCCO,2018-12-31,FY,11229000,112497000,1091595000,39729000,0.09981599509320249,10.602158690618436
TNET,2018-12-31,FY,192000000,375000000,2435000000,3503000000,0.512,35.63766505612788
EMR,2018-12-31,Q1,467000000,8236000000,20429000000,4147000000,0.22680913064594463,27.933058479341007
CXW,2018-12-31,FY,159207000,1415059000,3655660000,1835766000,0.11250908972700079,-2.692089423949688
EMMS,2018-11-30,Q3,26220000,72602000,245806000,90385000,1.4445883033525246,19.84125167885067
PII,2018-12-31,FY,335257000,867015000,4124915000,6078540000,0.3866795845515937,32.92905568532668
MU,2019-02-28,Q2,4921000000,34567000000,47487000000,13748000000,0.5694448462406342,23.727985590746634
ITIC,2018-12-31,FY,21859000,175639000,244268000,156259000,0.12445413604040105,-11.025581013740512
CINF,2018-12-31,FY,287000000,7833000000,21935000000,5407000000,0.03663985701519214,34.90054883945889
TGEN,2018-12-31,FY,-5801126,27782658,49904393,12624867,-0.208803851668908,-42.3416014004037
VRTS,2018-12-31,FY,76080000,629909000,2870535000,552235000,0.12077935066811238,54.6267143685521
VSTM,2018-12-31,FY,-72434000,124299000,277236000,26718000,-0.5827400059533866,-58.035713778872065
CB,2018-12-31,FY,3962000000,50312000000,167771000000,32717000000,0.07874860868182541,20.227594336836784
CRBP,2018-12-31,FY,-55672139,27524120,46989341,4822272,-2.022667355032604,-7.876714207840213
BDN,2018-12-31,FY,137289000,1820253000,4098521000,544345000,0.07542303185326435,21.67832157468452
AAON,2018-12-31,FY,42572000,247499000,308197000,433947000,0.1720087757930335,40.84426128239439
MWA,2018-12-31,Q1,-21000000.0,537200000.0,1259100000.0,192800000.0,-0.1563663440059568,31.09889895684802
CDZI,2018-12-31,FY,-26273000,-86240000,69309000,440000,0.30464981447124306,6.893204126206108
INQD,2017-12-31,FY,-4412050,-999624,133020,0,4.413709554792602,-89.15662585711301
WEWA,2018-11-30,Q2,-952635,-5672745,5699270,0,0.6717277085432185,25.00000465661298
CLSH,2018-11-30,Q2,-19356183,31547520,39406385,3156263,-2.4542256253423407,-76.40449473945469
HBI,2018-12-29,FY,553084000,970283000,7255958000,6803955000,0.5700233849299637,18.35594764365947
SUWN,2019-01-31,Q3,-3314410,5159755,33372765,14356459,-2.5694320757477827,-24.874997881241097
MDLZ,2018-12-31,FY,3395000000,25637000000,62729000000,25938000000,0.1324257908491633,37.396956475665604
TXT,2018-12-29,FY,1222000000,5192000000,14264000000,13972000000,0.23536209553158705,-3.5442509428705353
CMP,2018-12-31,FY,68800000,540200000,2367900000,1493600000,0.12736023694927803,46.31806670514
HOV,2019-01-31,Q1,-17452000,-470364000,1623723000,380594000,0.1484127186604417,68.78872723646568
CNNA,2018-12-31,FY,-25880,-64964,0,0,0.3983744843297827,1233.3332919412194
TBNK,2018-12-31,FY,19212000,235079000,2069206000,73301000,0.08172571773744146,18.59122405238616
SNBR,2018-12-29,FY,69539000,-109550000,470138000,1531575000,-0.6347695116385212,56.28742788532921
UTGN,2018-12-31,FY,12600294,106342557,395548336,41273187,0.11848778471632951,9.230769230769232
JNJ,2018-12-30,FY,15297000000,59752000000,152954000000,81581000000,0.25600816709064134,12.940717980102917
NXRT,2018-12-31,FY,-1614000,296028000,1161210000,146597000,-0.005452186955288013,20.912987134402616
NKE,2018-11-30,Q2,1939000000,8729000000,22677000000,19322000000,0.888532477947073,24.454199208643317
PHX,2018-12-31,Q1,12735940,139252713,208627522,12210719,0.3658367503403686,-30.38709702030305
CVI,2018-12-31,FY,411000000,1246000000,3907000000,7124000000,0.32985553772070625,16.03827973525027
NSP,2018-12-31,FY,135413000,77676000,1191816000,3828549000,1.743305525516247,-7.765638338262966
REX,2019-01-31,FY,37510000,392937000,471393000,486671000,0.09546059546441286,4.963665046976405
WRLD,2018-12-31,Q3,-705487,574068886,927513155,387545079,-0.004915695779408606,-14.824959266002423
BHLB,2018-12-31,FY,105765000,1552918000,12212231000,471161000,0.06810726644935534,21.801999668035048
FRBK,2018-12-31,FY,8627000,245189000,2753297000,92074000,0.03518510210490683,-29.815741968628267
CL,2018-12-31,FY,2558000000,-102000000,12161000000,15544000000,-25.07843137254902,15.574597423502725
NTNX,2019-01-31,Q2,-217028000,385531000,1821138000,648643000,-2.2517307298245797,-35.0380654369139
CVX,2018-12-31,FY,14860000000,154554000000,253863000000,158902000000,0.0961476247783946,10.166373256289937
FUV,2018-12-31,FY,-11051015,8067134,14084998,94996,-1.369881174652609,-40.67164152548609
DHR,2018-12-31,FY,2650900000,28214400000,47832500000,19893000000,0.09395556878756947,48.21567435833796
CVNA,2018-12-31,FY,-254745000,73408000,991013000,1955467000,-3.4702620967741935,182.11556515482118
CLSK,2017-09-30,FY,-13498526,20341511,20792802,447963,-0.6635950495516287,71.01449275362319
RARE,2018-12-31,FY,-197611000,608908000,719558000,51495000,-0.3245334270530195,-1.816929447664643
OSS,2018-12-31,FY,-1572620,26572322,36056818,37027382,-0.05918263371940172,-0.5154695555459969
ARS,2018-12-31,FY,-91600000,-27100000,2779400000,3445900000,3.3800738007380073,-31.034479746495276
AXGN,2018-12-31,FY,-22397000,146982000,160173000,83937000,-0.15237920289559265,-11.013215694519495
HNI,2018-11-30,FY,-6497319,6330411,7345115,0,-1.0263660605922744,1.9195893465942966
HNNA,2018-12-31,Q1,3067000,73725000,108424000,11644000,0.16640217022719567,0.4995023935224079
KOS,2018-12-31,FY,-93991000,941478000,4088189000,886666000,-0.09983345335738063,36.609329441623714
NHI,2018-12-31,FY,154333000,1389713000,2750570000,294612000,0.11105386507861695,7.638332768249115
ACHC,2018-12-31,FY,-175486000,2333307000,6172504000,3012442000,-0.07520913450308939,28.5492042550123
CHTR,2018-12-31,Q4,1506000000,36285000000,146130000000,43634000000,0.1660190161223646,69.51959311609455
PDM,2018-12-31,FY,130296000,1710368000,3592429000,525967000,0.07618009691481599,29.694830951162476
UAL,2018-12-31,FY,2129000000,9995000000,44792000000,41303000000,0.21300650325162582,5.051947399914658
MTDR,2018-12-31,FY,274207000,1688880000,3455518000,829691000,0.16236026242243382,13.779783516540538
RNR,2018-12-31,FY,268917000,5045080000,18676196000,2074941000,0.05330282175902067,47.01570833594399
CNO,2018-12-31,FY,-315000000,3370900000,31439800000,4313500000,-0.09344685395591681,22.110214627351443
PLYA,2018-12-31,FY,18977000,839841000,2135158000,617013000,0.022595943756020486,15.020867760058461
SANW,2018-12-31,Q2,-2745125,106393155,204125956,44701133,-0.10320682754449757,9.944755383847339
CRVL,2018-12-31,Q3,34865000,192268000,313745000,444656000,0.7253417105290532,41.29941244268684
SANM,2018-12-29,Q1,37952000,1532617000,4316853000,2188018000,0.09905149166425793,42.06151730617679
HTLF,2018-12-31,FY,116998000,1325175000,11408006000,465820000,0.08828871658460204,13.424340406739594
OPBK,2018-12-31,FY,14253000,129787000,1044186000,50068000,0.10981839475448234,15.107104508191654
INCY,2018-12-31,FY,109493000,1925967000,2645762000,1881883000,0.05685092216014086,38.4651719460241
SOFO,2018-09-30,FY,-12166000,-6458000,13583000,34544000,1.8838649736760607,-27.272723331924254
BLIN,2018-12-31,Q1,-4955000,3917000,9271000,2375000,-5.05999489405157,-84.78260869565217
LGL,2018-12-31,FY,1405000,27323000,30075000,24870000,0.05142187900303773,146.72131845945324
FET,2018-12-31,FY,-374080000,1030126000,1829652000,1064219000,-0.3631400430626933,-59.806293733357464
NTPY,2018-12-31,Q3,189052,-14185,7833,0,-53.31039830807191,-86.66666646798453
RUN,2018-12-31,FY,26657000,948707000,4749787000,759981000,0.028098243187833546,26.170792818596176
GLW,2018-12-31,FY,1066000000,13792000000,27505000000,11290000000,0.07729118329466357,-3.9721909697362294
WSBC,2018-12-31,FY,143112000,1978827000,12458632000,414957000,0.07232163296740948,3.079861298475587
HBCP,2018-12-31,FY,31590000,304040000,2153658000,102312000,0.10390080252598342,10.50846679564797
STRA,2018-12-31,FY,-15671000,1425224000,1661029000,634185000,-0.010995464572586485,38.97019719785559
HASI,2018-12-31,FY,41798000,804523000,2154913000,137808000,0.051953766393254136,70.7086706570471
INFN,2018-12-29,FY,-214295000,703821000,1801270000,943379000,-0.3044737227221126,94.98747346398233
BJRI,2019-01-01,FY,50810000,309221000,695107000,1116948000,0.16431613635555153,-25.757875432268307
NPO,2018-12-31,FY,24600000,862700000,1719100000,1532000000,0.028515126927089372,10.715478543945885
BAX,2018-12-31,FY,1624000000,7794000000,15641000000,11127000000,0.2083654092891968,26.75478683075158
ABCB,2018-12-31,FY,121027000,1456347000,11443515000,413326000,0.08310313407450284,34.63845685799636
GSPE,2018-12-31,Q1,-423861,-3450846,28172736,0,0.4913125650927338,-38.63636171214343
UNH,2018-12-31,FY,12382000000,54319000000,152221000000,226247000000,0.22794970452327915,17.955207074119787
UMH,2018-12-31,FY,-36215571,424698040,878985924,129586693,-0.08527369469376407,30.99662186652748
AMT,2018-12-31,Q4,1264700000,5336100000,33010400000,7440100000,0.9480332077734676,44.667806164477376
NTLA,2018-12-31,FY,-85343000,277920000,347315000,30434000,-0.3070775762809442,8.278389348135292
MAT,2018-12-31,FY,-530993000,669465000,5243465000,4510852000,-0.7931602100184476,36.836840735621806
ADC,2018-12-31,FY,58798000,1236075000,2028189000,148195000,0.047568310984365834,17.28687007890655
GWW,2018-12-31,FY,823000000,1921000000,5873000000,11221000000,0.4284226965122332,19.79388636773359
RWLK,2018-12-31,FY,-21675000,1945000,14962000,6545000,-11.143958868894602,-49.91384612687882
PKOH,2018-12-31,FY,55200000,299000000,1208500000,1658100000,0.18461538461538463,9.058327267086415
PRTT,2017-06-30,Q2,-115733,-136563,0,0,3.389878664059811,-31.992341145918672
FGNV,2018-12-31,FY,-326053,808724,813597,36000,-0.40316968458955094,852.3809821156968
AWX,2018-12-31,FY,-3256000,37479000,64769000,62234000,-0.08687531684409937,-24.905662719954627
PAYC,2018-12-31,FY,137065000,334753000,1521926000,566336000,0.4094511475625312,114.30789707463649
PKE,2018-11-25,Q3,9559000,140111000,177939000,34457000,0.2728979166517975,-8.909197025843321
MXC,2018-12-31,Q3,23375,8457754,9440116,2107835,0.011054944374121073,43.321301658721964
IOVA,2018-12-31,FY,-123580000,466193000,480821000,0,-0.2650833453097751,211.75140071582686
MXL,2018-12-31,FY,-26199000,399936000,738831000,384997000,-0.06550798127700432,21.136359276850456
SPXC,2018-12-31,FY,81200000,414900000,2057500000,1538600000,0.19570980959267292,81.18528948696816
MSN,2018-12-31,Q3,-1974000,39198000,42710000,7390000,-0.2014388489208633,-43.750002069605635
CPK,2018-12-31,FY,56580000,518439000,1693671000,717489000,0.10913530810760765,17.060263956395524
SNYR,2018-12-31,FY,-6160690,3970693,20010511,33824495,-1.5515402475084323,-64.17647155758418
CIEN,2019-01-31,Q1,33616000,2054305000,3618106000,778527000,0.06545474016759927,10.763975998153242
RICK,2018-12-31,Q1,6404000,159133000,349522000,44023000,0.16097226847982504,-9.001344539853635
IRWD,2018-12-31,FY,-282368000,-196371000,332050000,346639000,1.4379312627628316,53.74479141306788
ALNY,2018-12-31,FY,-761497000,1301965000,1574802000,74908000,-0.5848828501534219,57.303520341214224
III,2018-12-31,FY,5677000,78587000,214731000,275769000,0.07223841093310598,-44.81131979985434
SNCR,2018-12-31,FY,-226992000,188909000,703255000,325839000,-1.201594418476621,-23.941367976989213
SBUX,2018-12-30,Q1,760400000,-2884900000,19981300000,6632700000,-1.0543173073590073,36.8478185796366
ABG,2018-12-31,FY,168000000,473200000,2695400000,821000000,0.35502958579881655,68.4518373036856
CTXR,2018-12-31,Q1,-3874730,24178203,28078307,0,-0.6410286157329393,-0.9615375798129149
DHX,2018-12-31,Q4,7174000,145355000,258385000,161570000,0.19742010938736199,97.3684235292789
SWN,2018-12-31,FY,537000000,2362000000,5797000000,3862000000,0.22734970364098223,-31.671558209405198
GHC,2018-12-31,FY,271408000,2916782000,4764041000,2695966000,0.09305049194626132,-0.21075222221682297
ALGT,2018-12-31,FY,161802000,690321000,2498668000,1533701000,0.23438661144597947,74.93514786348028
PDCO,2019-01-26,Q3,55191000,1469144000,3320525000,4137817000,0.15026709430797797,4.755493146722937
PROV,2018-12-31,Q2,3781000,122677000,1127170000,22440000,0.12328309300031791,41.225802513860884
RBKB,2018-12-31,FY,4357000,59277000,882423000,33730000,0.07350237022791302,-3.744677279857879
CBFV,2018-12-31,FY,7052000,137625000,1281301000,43626000,0.051240690281562216,23.123484194753683
AMG,2018-12-31,FY,532300000,3457400000,8219100000,2378400000,0.15395962283797074,-13.279969332089747
TDOC,2018-12-31,FY,-97084000,1013119000,1528876000,417907000,-0.09582684758651254,67.94432219593585
CSCO,2019-01-26,Q2,6371000000,40789000000,102462000000,25518000000,0.6247762877246317,6.775952948898565
TSBK,2018-12-31,Q1,5615000,156905000,1200315000,13315000,0.1431439406010006,32.9148000166273
LADR,2018-12-31,FY,221676000,1445153000,6272872000,344816000,0.15339275495397373,17.25920540745041
VRRM,2018-12-31,FY,-58394516,302056132,1344783195,370145720,-0.19332339195815432,42.72540961581192
NVEC,2018-12-31,Q3,11649064,83920175,84786125,20883386,0.5552449813170671,-18.323053173149166
BUSE,2018-12-31,FY,98928000,994964000,7702357000,286033000,0.09942872304927615,12.102686236964507
BDL,2018-12-29,Q1,998000,35936000,70056000,27894000,0.11108637577916296,-12.678780750834731
LBC,2018-12-31,Q4,45060000,581145000,6937212000,226057000,0.3101463490178871,27.60531756930209
ARWR,2018-12-31,Q1,12037253,172055219,340947388,34657896,0.2798462742359475,416.9081848137886
FZMD,2018-12-31,FY,3957554,1466684,22172851,26342038,2.6983003837227377,-79.99999970197678
GLDD,2018-12-31,FY,-6293000,214928000,730271000,620795000,-0.029279572694111515,67.67372467306761
LUV,2018-12-31,FY,2465000000,9853000000,26243000000,21965000000,0.25017761087993506,16.351123846101256
ISDR,2018-12-31,FY,837000,25663000,28952000,14232000,0.032615048903090055,1.4096902381900254
TACT,2018-12-31,FY,5426000,27567000,34956000,54587000,0.19682954256901367,17.483304326623063
IMO,2018-12-31,FY,2314000000,24489000000,41456000000,35099000000,0.09449140430397321,4.304897968899671
EXR,2018-12-31,FY,447080000,2413724000,7847978000,41757000,0.1852241598459476,15.296193439884581
SBAC,2018-12-31,FY,47451000,-3376823000,7213707000,1865695000,-0.014051965412460173,47.31608276750267
FNLC,2018-12-31,FY,23536000,191542000,1944570000,70543000,0.122876444852826,14.372626601900937
SPOK,2018-12-31,FY,-1479000,274554000,327712000,169474000,-0.005386918420420027,-8.597287508635931
TTWO,2018-12-31,Q3,277007000,2027467000,4387160000,2129387000,0.5465085251695835,18.85563976333017
UNIR,2018-12-30,FY,1246797,13505510,60766557,99560721,0.0923176540537899,-50.0
OLP,2018-12-31,FY,21564000,297146000,780912000,79126000,0.07257038627476056,13.212224829317098
DIOD,2018-12-31,FY,105406000,931463000,1526371000,1213989000,0.11316176810028955,71.72970988315271
USNA,2018-12-29,FY,126224000,391146000,554463000,1189248000,0.3227030316045671,-32.047908163685214
HI,2018-12-31,Q1,29000000,734500000,1870200000,410300000,0.15793056501021102,-11.995779595181473
PHOT,2018-12-31,FY,-11473137,-1501271,7217948,4573461,7.642282439346394,-57.14068135744428
ITW,2018-12-31,FY,2563000000,3258000000,14870000000,14768000000,0.7866789441375077,42.008051302483175
FBK,2018-12-31,FY,80236000,671857000,5136764000,239571000,0.11942422271405968,13.306681286404787
BSET,2018-11-24,FY,8218000,190309000,291641000,456855000,0.04318240335454445,-25.3400533500296
FNWB,2018-12-31,FY,7105000,172264000,1258758000,45805000,0.04124483351135466,21.37559064465426
PTN,2018-12-31,Q2,-10724406,21139698,25668240,34505,-2.029244883252353,9.859154929577464
CRS,2018-12-31,Q2,67000000,1505500000,3161800000,1128900000,0.17801394885420127,39.87644066147985
ROYE,2018-12-31,FY,-10956000,109910000,255959000,247938000,-0.0996815576380675,-30.000003178914387
RGCO,2018-12-31,Q1,2434162,80959740,234702791,21216747,0.1202653071761347,-5.774364469633557
SCOR,2018-12-31,FY,-159268000,551567000,954143000,419482000,-0.2887554911733298,-66.1122657715126
BZH,2018-12-31,Q1,7311000,635109000,2103390000,402040000,0.04604563940992806,49.47258186207937
CRMT,2019-01-31,Q3,33059000,245577000,493555000,430315000,0.5384706222488262,62.24986223795358
CSGP,2018-12-31,FY,238334000,3021942000,3312957000,1191832000,0.07886782737722961,76.93720778282348
FRD,2018-12-31,Q3,6265582,74006335,93859735,144951427,0.33865111682668786,-15.035466538139328
LNN,2018-11-30,Q1,1212000,276675000,502519000,111951000,0.017522363784223366,-10.814553227921591
ODP,2018-12-29,FY,104000000,2126000000,6166000000,11015000000,0.04891815616180621,1.9379845534327471
ROCK,2018-12-31,FY,63809000,596693000,1061645000,1002372000,0.10693773850204376,41.69710617859836
INFU,2018-12-31,FY,-1095000,20441000,64073000,67138000,-0.053568807788268676,140.11628172924992
HBAN,2018-12-31,FY,1393000000,11102000000,108781000000,3949000000,0.12547288776796975,26.17449551669066
ORMP,2018-11-30,Q1,-4302000,28858000,43593000,674000,-0.5962991198281239,8.088233575413902
WMT,2019-01-31,FY,7179000000,72496000000,219295000000,510329000000,0.09902615316707129,21.65293148723159
FR,2018-12-31,FY,167334000,1645514000,3142691000,403954000,0.1016910217719205,43.13929487054086
MSA,2018-12-31,FY,125115000,633882000,1608012000,1358104000,0.197379007449336,34.70881763642207
COF,2018-12-31,FY,6015000000,51668000000,372538000000,27176000000,0.11641635054579237,35.785162537702874
CBSH,2018-12-31,FY,438214000,2931298000,25463842000,889201000,0.1494948654145706,20.773460003326065
FLO,2018-12-29,FY,157160000,1258267000,2845537000,3951852000,0.12490194847357516,17.70438862658398
PNM,2018-12-31,FY,101282000,1688382000,6865551000,1359740000,0.05998760943909613,23.046972950927806
CWEN,2018-12-31,FY,54000000,2224000000,8500000000,1053000000,0.024280575539568347,16.521741341853488
WTTR,2018-12-31,FY,54299000,832934000,1360605000,1528930000,0.06519003906672077,46.67721844898004
CCL,2018-11-30,FY,3152000000,24443000000,42401000000,18881000000,0.12895307449985682,-25.228062453977184
DGTW,2018-11-30,Q3,-6774498,-2563075,77808,214869,10.572453790856686,-99.61538463303634
VRSN,2018-12-31,FY,582489000,-1385474000,1914504000,1214969000,-0.42042578929665947,29.698570732243894
FBIZ,2018-12-31,FY,16303000,180707000,1966457000,91275000,0.09021786649106012,34.546384890044926
EGLE,2018-12-31,FY,12574684,479605849,846209160,310094258,0.026218787836342673,-0.6507563727726371
SGRP,2018-12-31,Q2,-5544,43450,48450,0,-0.5103797468354431,146.29629445664685
THC,2018-12-31,FY,466000000,-119000000,22409000000,18313000000,-3.9159663865546217,120.6534483173045
VIVE,2018-12-31,FY,-49981000,4912000,46834000,18517000,-10.175285016286646,-99.1843809400286
VYGR,2018-12-31,FY,-88288000,46446000,177029000,7619000,-1.9008741334022305,42.6595786342044
UNFI,2019-01-26,Q2,-361187000,1485424000,7398284000,9017362000,-0.9726165727765271,-45.3576891876778
PSSR,2019-01-31,Q1,-934067,2902027,17766051,3656124,-1.2874683798600082,-3.9999961853027344
BHC,2018-12-31,FY,-4144000000,2733000000,32492000000,8380000000,-1.5162824734723748,59.393620078650514
GMS,2019-01-31,Q3,39377000,633760000,2177148000,2335883000,0.2485294117647059,47.015316825414224
IDXG,2018-12-31,FY,-12189000,32938000,48442000,21896000,-0.3700588985366446,-36.22499704360962
H,2018-12-31,FY,769000000,3670000000,7643000000,4454000000,0.20953678474114443,33.29882047977832
PFGC,2018-12-29,Q2,71300000,1205100000,4166500000,9155400000,0.23666085802008133,58.50635512951471
ZDGE,2019-01-31,Q2,-946000,9233000,10839000,4954000,-0.40983429004657207,-19.85436559476294
THST,2018-12-31,Q2,-10000,10459000,18117000,3453000,-0.0038244574051056507,-43.005178562858475
ACRS,2018-12-31,FY,-132738000,215124000,275566000,10091000,-0.6170301779438835,-74.69553398439136
MSM,2018-12-01,Q1,74232000,1376312000,2264798000,831597000,0.21574177948023412,-17.803151193742718
WKHS,2018-12-31,FY,-36502316,-15422443,11804773,763173,2.366830987801349,477.65150925057316
CMCT,2018-12-31,FY,1142000,616438000,1342401000,35672000,0.0018525788481566679,-68.18181932407988
MCO,2018-12-31,FY,1319400000,459900000,9526200000,4442700000,2.868884540117417,69.70866542139659
WTI,2018-12-31,FY,248827000,-324796000,848866000,580706000,-0.7661024150543726,33.252425330423854
HURC,2018-10-31,FY,21490000,222853000,315407000,300671000,0.09643127981225293,-14.53117756441234
NKSH,2018-12-31,FY,16151000,190238000,1256032000,43224000,0.08489891609457627,24.622566965580603
DBA,2018-12-31,FY,-64892339,494781661,500001296,11602950,-0.1311534846882694,-2.4203059887029568
RHI,2018-12-31,FY,434288000,1063198000,1903097000,5800271000,0.40847330412585425,9.93007033114573
ZS,2019-01-31,Q2,-11143000,277073000,518113000,137600000,-0.1608673526471363,19.268141204527954
XRAY,2018-12-31,FY,-1010900000.0,5121100000.0,8687000000.0,3986300000.0,-0.19739899630938665,51.572165852092255
MRTX,2018-12-31,FY,-98418000,201576000,228454000,12926000,-0.4882426479342779,202.75812875871796
KNX,2018-12-31,FY,420649000,5460949000,7911885000,5344066000,0.07702855309580807,41.72317196570272
KOP,2018-12-31,FY,29200000,56200000,1479900000,1710200000,0.5195729537366548,124.94131321394049
BEN,2018-12-31,Q1,260000000,9745400000,13950600000,1411500000,0.10671701520717466,-12.946730183219938
ADUS,2018-12-31,FY,17503000,275533000,355388000,518119000,0.06352415137206796,41.86801259322209
MAS,2018-12-31,FY,784000000,-111000000,5393000000,8359000000,-7.063063063063063,64.46648607736594
TROX,2018-12-31,FY,30000000,683000000,4642000000,1819000000,0.043923865300146414,45.50127750064769
LCII,2018-12-31,FY,148551000,706255000,1243893000,2475807000,0.2103362100091327,61.13771627562215
VRNS,2018-12-31,FY,-28578000,125370000,284978000,270288000,-0.22794927016032543,46.08695887320044
CVGI,2018-12-31,FY,44512000,115038000,418130000,897737000,0.3869330134390375,10.701757086427826
AVA,2018-12-31,FY,136598000,1773220000,5782576000,1396893000,0.07703387058571412,12.75895019314599
APPS,2018-12-31,Q3,848000,31753000,85892000,76377000,0.10682455201083363,283.06011281367597
OMI,2018-12-31,FY,-437012000,518419000,3773788000,9838708000,-0.8429706472949486,-20.22116506159109
FHB,2018-12-31,FY,264394000,2524839000,20695678000,646051000,0.10471717206522871,28.209685992460592
TSE,2018-12-31,FY,292500000,768700000,2726800000,4622800000,0.3805125536620268,-20.117953975651265
ABUS,2018-12-31,FY,-57060000,200234000,227905000,5945000,-0.28496658909076383,-28.720624713959953
VOYA,2018-12-31,FY,1012000000,8213000000,154682000000,8514000000,0.12321928649701692,50.822127145173276
RMAX,2018-12-31,FY,50365000,481569000,426840000,212626000,0.10458522039416988,24.617885186420224
MTRX,2018-12-31,Q2,6237000,323590000,569552000,659079000,0.07709756172934887,26.08695744624525
CBRL,2019-02-01,Q2,107962000,628618000,1587803000,1545250000,0.6869800101174323,-8.452565170921726
MDT,2019-01-25,Q3,3468000000,49829000000,88730000000,22411000000,0.27839210098537,37.04896200514033
VOXX,2018-11-30,Q3,-14485000,444086000,560724000,339359000,-0.1304702242358462,-7.5697234239985685
OPTN,2018-12-31,FY,-106658000,118611000,216989000,7065000,-0.8992251983374223,55.24194025968553
INSG,2018-12-31,FY,-8143000,-36390000,162256000,202463000,0.22377026655674637,80.24097120905496
PCH,2018-12-31,FY,122880000,1314779000,2325852000,974579000,0.09346057398239552,37.13653674672387
SFM,2018-12-30,FY,158536000,589196000,1675614000,5207336000,0.26907175201460976,-17.014036414538328
SNAP,2018-12-31,FY,-1255911000,2310999000,2714106000,1180446000,-0.54344939136711,188.38474924251264
AEIS,2018-12-31,FY,147111000,606790000,816484000,718892000,0.24244137180902783,65.87467639940209
PMPG,2018-06-30,Q2,-1014867,-899346,0,0,4.513800028020362,-37.49999545252638
PGTI,2018-12-29,FY,53933000,385544000,862153000,698493000,0.13988805428174217,-6.62460672217031
UBCP,2018-12-31,FY,4282000,50643000,593213000,21320000,0.08455265288391288,33.85826581130232
GBCI,2018-12-31,FY,181878000,1515854000,12115484000,468996000,0.11998385068746727,15.371025534498123
CHCT,2018-12-31,FY,4403000,271659000,426570000,48630000,0.0162078193617734,47.381206350710144
RCL,2018-12-31,FY,1815792000,11105461000,27698270000,9493849000,0.16350442363446235,36.36364132842745
NYT,2018-12-30,FY,127460000,1040781000,2197123000,1748598000,0.12246572525824356,43.78644199486924
AMZN,2018-12-31,FY,10073000000,43549000000,162648000000,232887000000,0.231302670555007,22.96449842944107
PWR,2018-12-31,FY,296007000,3604159000,7075787000,11171423000,0.08212928452934512,35.813955315701364
DTGI,2017-07-31,FY,439000,-642000,713000,193000,-0.6838006230529595,-6.452827307115985
TLYS,2019-02-02,FY,24943000,163327000,293168000,598478000,0.15271816662278742,-33.228591471679096
LPX,2018-12-31,FY,394600000,1700200000,2514100000,2828000000,0.2320903423126691,33.258332697407376
FFIN,2018-12-31,FY,150638000,1053295000,7731854000,291690000,0.14301596418857015,22.69024174760087
AMEH,2018-12-31,FY,60267491,180545832,512999049,519907752,0.33380715761967855,-6.901767319421892
HTLD,2018-12-31,FY,72677000,615972000,806213000,610803000,0.11798750592559402,13.333336807556853
SHAK,2018-12-26,Q4,21948000,226075000,610532000,459310000,0.3883313059825279,38.74103687375974
WFC,2018-12-31,FY,22393000000,196166000000,1895883000000,64647000000,0.11415331912767758,16.319436510956162
GNL,2018-12-31,FY,10897000,1425488000,3309478000,282207000,0.00764439967225259,14.188421571657365
AZO,2019-02-09,Q2,646044000,-1594362000,9745095000,5092302000,-1.620821369300071,19.25871610942266
ROIC,2018-12-31,FY,47141000,1188214000,3003071000,295798000,0.03967382979833599,9.886653886550112
AQB,2018-12-31,FY,-10382059,23234303,27671060,84518,-0.446841852755385,-0.9756134777534299
SKY,2018-12-29,Q3,-67365000,398545000,678264000,1032368000,-0.6761093477524496,114.02315474564
PRO,2018-12-31,FY,-64246000,54899000,436967000,33556000,-1.1702581103480938,94.64968049176551
IPGP,2018-12-31,FY,404169000,2205548000,2574450000,1459874000,0.18325105597339075,26.595460331829162
HAYN,2018-12-31,Q1,-1603000,328624000,582534000,107069000,-0.019511660742976777,35.037886518968044
PBSV,2018-10-31,FY,1279734,20263663,25378312,17797425,0.06315412963589061,-16.190472838559504
OCC,2019-01-31,Q1,-3310020,23494996,42167038,16750668,-0.5635276549951317,-4.155120811848968
GABC,2018-12-31,FY,46529000,458640000,3929090000,133749000,0.10144993894993895,28.339930868400636
NUVR,2018-12-31,FY,7763919,74595478,160231339,56682627,0.10408029022885275,3.0617793215470526
AMGN,2018-12-31,FY,8394000000,12500000000,66416000000,23747000000,0.67152,23.424259789606324
CME,2018-12-31,FY,1963700000,25918500000,77475700000,4309400000,0.07576441537897641,5.879224880749137
ACNB,2018-12-31,FY,21748000,168137000,1647724000,64494000,0.12934690163378673,-5.350314583748009
CCNE,2018-12-31,FY,33719000,262830000,3221521000,131870000,0.12829205189666323,42.04791891233759
AGIO,2018-12-31,FY,-346028000,687537000,858457000,94387000,-0.5032863685881632,4.012141508637877
CARS,2018-12-31,FY,38809000,1626923000,2600549000,662127000,0.023854232806346704,-44.60465187250182
ACTG,2018-12-31,FY,-104848000,189393000,223949000,131506000,-0.5536001858569218,-10.402682577026402
ANIK,2018-12-31,FY,18722000,263612000,278993000,105555000,0.07102104608287939,55.51918925483449
RDVT,2018-12-31,FY,-6868000,36278000,39827000,16302000,-0.1893158388003749,174.18397878032127
AE,2018-12-31,FY,2945000,146598000,278870000,1750213000,0.02008895073602641,-3.823300380366026
VMI,2018-12-29,FY,100306000,1059762000,2530274000,2757144000,0.09464955339028952,35.52951712773333
TRNS,2018-12-29,Q3,4485000,56518000,102017000,116405000,0.3174209986199087,67.35015329988353
RRTS,2018-12-31,FY,-165597000,-52155000,853457000,2216141000,3.1750934713833763,-33.36000061035156
CYH,2018-12-31,FY,-704000000,-1535000000,15859000000,14155000000,0.4586319218241042,-0.3546095992902228
AIT,2018-12-31,Q2,87655000,889915000,2289988000,1704553000,0.3939926846946057,23.934001068030398
SON,2018-12-31,FY,314739000,1759086000,4583465000,5390938000,0.17892189466575256,16.14906426475966
AAL,2018-12-31,FY,1412000000,-169000000,60580000000,44541000000,-8.355029585798816,-11.865466524042215
NATH,2018-12-23,Q3,19001000,-71617000,91169000,79720000,-1.061256405602022,10.829639279785638
ASUR,2018-12-31,FY,-7548000,102518000,361100000,88952000,-0.07362609492967088,56.69291649004292
ARTW,2018-11-30,FY,-3386902,13037075,21325474,19726793,-0.25979002191826006,-23.01255428386793
PRTA,2018-12-31,FY,-155645000,322998000,498796000,955000,-0.4818760487681038,53.10679772558865
EXEL,2018-12-28,FY,690070000,1287453000,1422286000,853826000,0.5359962654947404,-6.738690006700248
RS,2018-12-31,FY,641800000,4671600000,8044900000,11534500000,0.1373833376145218,68.73682651054405
ITT,2018-12-31,FY,333700000.0,1822400000.0,3846800000.0,2745100000.0,0.18311018437225637,53.366476232112824
SSB,2018-12-31,FY,178871000,2366296000,14676328000,567208000,0.07559113483689277,44.77064188659716
BOOM,2018-12-31,FY,30473000,134286000,240418000,326429000,0.226926112923164,25.825740235401152
AFOM,2018-09-30,FY,-1358651,-3203186,3347916,5258,0.42415613704605354,-63.000000641574815
EXPR,2019-02-02,FY,9630000,585178000,1086627000,2116344000,0.01645653117512962,-25.325888446177213
NINE,2018-12-31,FY,-52983000,594823000,1141172000,827174000,-0.08907355633524594,-65.97160707739705
SHW,2018-12-31,FY,1108746000,3730745000,19134000000,17534493000,0.2971915796978888,47.08991520331252
BRN,2018-12-31,Q1,-4573000,11050000,26678000,2595000,-1.6553846153846155,-27.067669375107613
BAND,2018-12-31,FY,17923000,108770000,150420000,204113000,0.16477889123839293,56.2453942796204
IIIV,2018-12-31,Q1,2351000,40430000,197192000,84868000,0.23259955478604996,13.27800333999692
SNFCA,2018-12-31,FY,21686079,171811173,1050811123,279618727,0.12622042339469972,16.802325672822917
CVCO,2018-12-29,Q3,48651000,509072000,717201000,721633000,0.38227205581921614,48.79582200842078
TLRY,2018-12-31,FY,-67723000,197653000,656667000,43130000,-0.34263583148244653,-77.71477167139005
AMNB,2018-12-31,FY,22579000,222542000,1862866000,68768000,0.10145949977981684,34.971006803527665
RHP,2018-12-31,FY,264670000,469577000,3853883000,1275118000,0.5636349310123793,30.034484999299867
SRC,2018-12-31,FY,132052000,2801749000,5096316000,445125000,0.0471319879118365,37.61701651498781
LOB,2018-12-31,FY,51448000,493560000,3670449000,162643000,0.10423859307885566,28.561785118572754
KANP,2018-12-31,FY,-2991000,82660000,108906000,6418000,-0.03618436970723445,-2.941176470588235
MMS,2018-12-31,Q1,55723000,1114597000,1669302000,664619000,0.19997541712385733,14.948538799148004
CBT,2018-12-31,Q1,77000000,1143000000,3255000000,821000000,0.2694663167104112,9.594790121905966
ORN,2018-12-31,FY,-94422000,141585000,312870000,520894000,-0.6668926793092489,18.414917689458296
EXPO,2018-12-28,FY,72254000,313909000,468936000,379523000,0.23017498701853084,39.22276151691687
TFX,2018-12-31,FY,200802000,2539978000,6277991000,2448383000,0.07905659025393133,43.68229606276269
FTEK,2018-12-31,FY,-28000,34052000,51719000,56535000,-0.0008222718195700693,-26.050424124593135
FIX,2018-12-31,FY,112903000,498047000,1062564000,2182879000,0.22669145683037947,14.629119379587701
CNHC,2018-12-31,FY,156845000,1355732000,12931912000,878354000,0.1156902691682427,199.9999844779572
SAMG,2018-12-31,FY,17368000,56047000,133363000,98673000,0.30988277695505556,-5.215416509883468
DBP,2018-12-31,FY,-7358441,108880930,110001540,2493310,-0.06758245911382278,14.297500455466686
ACAD,2018-12-31,FY,-245192000,479079000,540202000,223807000,-0.5117986803846547,166.91403613959716
BXP,2018-12-31,FY,712563000,5883171000,20256477000,2717076000,0.12111886599930548,21.430470424861344
OLLI,2019-02-02,FY,135013000,942652000,1159003000,1241377000,0.14322676873331833,-34.136344567829326
MCRB,2018-12-31,FY,-98942000,-48045000,120472000,26917000,2.059361015714434,-18.80530770396894
CVEO,2018-12-31,FY,-81847000,535424000,1001677000,466692000,-0.15286389851781018,-10.48951169429247
SXC,2018-12-31,FY,59400000,595000000,1619100000,892100000,0.09983193277310924,-27.953219766154604
AX,2018-12-31,Q2,75676000,994401000,9810096000,254036000,0.3044083825338068,21.048447866663153
JNPR,2018-12-31,FY,566900000,4823200000,9363300000,4647500000,0.11753607563443356,-8.955778004747463
PCRX,2018-12-31,FY,-471000,321226000,689353000,332427000,-0.00146625740133115,3.114830633029585
PGRE,2018-12-31,FY,18993000,4000800000,8755978000,758961000,0.004747300539892022,9.872609312826805
HPQ,2019-01-31,Q1,803000000,-1837000000,32490000000,14710000000,-1.748502994011976,-2.269632248822842
LECO,2018-12-31,FY,286993000,886942000,2349825000,3028674000,0.32357583697693876,23.2086282890214
EVRI,2018-12-31,FY,12356000,-108895000,1548261000,469515000,-0.1134671013361495,160.00000185179474
METC,2018-12-31,FY,25074000,141109000,188244000,36000,0.17769242217009545,-29.898986619852497
AZZ,2018-11-30,Q3,42357000,595878000,1032379000,724539000,0.2843333702536425,-20.25555434365275
RGBP,2018-12-31,Q1,248103,-8664180,182245,27425,-0.11454194164941171,-92.85716475273261
NMRK,2018-12-31,FY,191898000,567569000,3454157000,2047579000,0.33810514668701075,67.95510596248565
APO,2018-12-31,FY,19251000,1376196000,5991654000,1093065000,0.013988559769102658,94.37652397460973
PDEX,2018-12-31,Q2,2528000,16982000,24026000,13314000,0.5954540101283712,40.97682776657526
SMBC,2018-12-31,Q2,14254000,224029000,2206279000,46249000,0.25450276526699667,12.448369368905064
XNCR,2018-12-31,FY,-70409000,521681000,576732000,40603000,-0.1349656207529122,-5.752206927916463
ORGS,2018-11-30,FY,-19104000,28350000,75447000,18655000,-0.6738624338624338,-48.41930471591138
TSN,2018-12-29,Q1,552000000,13127000000,32335000000,10193000000,0.1682029405043041,71.19849355180452
ABMD,2018-12-31,Q3,185056000,851530000,957116000,562351000,0.8692870480194473,-48.53249172770291
CLFD,2018-12-31,Q1,1009960,70562641,75484067,20089150,0.05725182536747739,39.717737400010805
TRST,2018-12-31,FY,61445000,489871000,4958913000,180914000,0.12543098080923346,27.11370100268708
NRG,2018-12-31,FY,268000000,-1234000000,10628000000,9478000000,-0.2171799027552674,-0.9343407730850363
GFF,2018-12-31,Q1,8753000,471561000,2074789000,510522000,0.07424702212439112,92.72727040427304
TRMB,2018-12-28,FY,283300000,2674400000,5776400000,3108400000,0.10593030212384086,31.402631555846465
SSTI,2018-12-31,FY,-2725000,17147000,47119000,34753000,-0.158919927684143,-21.680564986266845
LGIH,2018-12-31,FY,155286000,655943000,1395473000,1504400000,0.23673703355322032,56.16983821364868
PEBO,2018-12-31,FY,46255000,520140000,3991454000,151264000,0.08892798092821164,15.581396925645533
AMSC,2018-12-31,Q3,35114000,88679000,128504000,41618000,1.5838699128316738,-29.3273508158235
BRC,2019-01-31,Q2,59864000,803381000,1083340000,575622000,0.2980603225617733,26.794899994522396
TAYD,2019-02-28,Q3,1562135,35255359,40248822,24605749,0.17723660110793368,-7.366775213137984
SLG,2018-12-31,FY,270856000,5901521000,12751358000,1227392000,0.04589596478602719,16.57815145415383
TRT,2018-12-31,Q2,312000,22303000,36895000,19735000,0.055956597767116534,66.26016622620612
BKTI,2018-12-31,FY,-195000,27712000,39191000,49380000,-0.007036662817551963,-14.933334350585936
SEM,2018-12-31,FY,137840000,803042000,5964265000,5081258000,0.17164731109954398,50.22800581672977
GDSI,2017-09-30,Q3,-130932,-2027356,29273,0,0.2583305546731802,35.96490776598021
ATI,2018-12-31,FY,236700000,1885700000,5501800000,4046600000,0.1255236782096834,-5.741846457124082
CUII,2018-06-30,Q2,3130067,21665349,58611081,37664717,0.5778936679026033,-6.66666825612386
ICUI,2018-12-31,FY,28793000,1263655000,1585391000,1400040000,0.022785491293114024,-19.30061681043671
VHI,2018-12-31,FY,301000000,635400000,2709600000,1820100000,0.4737173434057287,-4.145073794462595
CULP,2019-01-27,Q3,6969000,162775000,224908000,225705000,0.17125479956995854,-29.86450381955594
TECH,2018-12-31,Q2,34958000,1096425000,1844832000,337480000,0.12753448708301982,50.26257938060198
SHOO,2018-12-31,FY,130499000,805814000,1072570000,1653609000,0.16194680161923222,41.87045598301413
AIV,2018-12-31,FY,716603000,1699419000,6190004000,972410000,0.421675290202122,16.54513227304054
ITRI,2018-12-31,FY,-96581000,712663000,2608982000,2376117000,-0.13552127723762844,77.11989958690918
WLK,2018-12-31,FY,1034000000,5590000000,11602000000,8635000000,0.1849731663685152,4.291981329716913
KOPN,2018-12-29,FY,-35818575,47861874,59549111,24465005,-0.7483738518053012,-58.000001311302185
AXP,2018-12-31,FY,6921000000,22290000000,188602000000,10606000000,0.31049798115746974,30.402857165039602
IART,2018-12-31,FY,60801000,1375796000,3107887000,1472441000,0.04419332517320882,28.669624706517823
VNDA,2018-12-31,FY,25208000,275422000,332130000,193118000,0.09152500526464843,-37.23689190486323
RMD,2018-12-31,Q2,230377000,1956044000,3859816000,1239380000,0.47110801188521323,35.7600707904882
EGP,2018-12-31,Q4,88636000,903059000,2131705000,300392000,0.3926033625709948,43.933275861280265
NSC,2018-12-31,FY,2666000000,15362000000,36239000000,11458000000,0.17354511131363104,29.470382040137128
APEI,2018-12-31,FY,25639000,321266000,370958000,297687000,0.07980614195090673,-4.778632279524297
DLX,2018-12-31,FY,149630000,915413000,2305096000,1998025000,0.16345627601967636,30.254946627481004
CCRN,2018-12-31,FY,-15717000,217528000,427003000,816484000,-0.07225276745982126,57.025925630056065
KANP,2018-12-31,FY,-2991000,82660000,108906000,6418000,-0.03618436970723445,-2.941176470588235
UBSI,2018-12-31,FY,256342000,3251624000,19250498000,717715000,0.07883506826127498,24.140141993550206
CLSK,2018-12-31,Q1,-2283551,19830844,21441309,262907,-0.4606059126883354,-74.53658638930902
AOXY,2018-12-31,Q2,5463,302300,666592,19161,0.07228580879920608,-46.600002185503556
USAQ,2018-12-31,FY,-38631,-533515,1750,0,0.07240846086801683,-78.16666799121428
NWN,2018-12-31,FY,64569000,762634000,3242662000,706100000,0.08466577676841054,20.88984029882595
WGO,2019-02-23,Q2,43759000,570666000,1078136000,926338000,0.3067223209372908,80.04702514135566
SCL,2018-12-31,FY,112750000,783766000,1484666000,1993857000,0.1438567123350592,37.64864947344806
GDSI,2016-09-30,Q3,-266730,-1119372,29273,14386,0.9531415829590163,268.75002319211546
SND,2018-12-31,FY,18688000,209360000,320292000,212470000,0.0892625143293848,12.612611161318627
UGI,2018-12-31,Q1,88500000,3669400000,12368300000,2200200000,0.09647353790810487,-16.176190253508985
NTCT,2018-12-31,Q3,-92535000,2043477000,3297384000,674916000,-0.1811324521881088,1.9466822181908439
GPI,2018-12-31,FY,157772000,1095694000,5001075000,11601358000,0.14399275710189158,89.26402972106402
MAXD,2018-12-31,FY,-12153248,-23288194,449,0,0.5218630521542375,0.0
GMED,2018-12-31,FY,156474000,1185516000,1300670000,712969000,0.13198809632261396,35.76709791785215
DMRC,2018-12-31,FY,-32506000,56615000,61787000,21192000,-0.5741587918396185,129.1724106361126
KVHI,2018-12-31,FY,-8232000,99515000,187652000,170761000,-0.08272119780937547,7.482997673646345
SACH,2018-12-31,FY,7771785,52802815,86014050,11713370,0.14718505064550064,11.508952373542272
CRM,2019-01-31,FY,1110000000,15605000000,30737000000,13282000000,0.07113104774110862,22.175427174801644
URI,2018-12-31,FY,1096000000,3403000000,18133000000,8047000000,0.32206876285630326,64.20560091174727
CALM,2018-12-01,Q2,34749000,977742000,1163227000,696623000,0.14216020177101935,-6.4273466230540395
EFR,2018-12-31,FY,-25362000,141088000,196766000,31721000,-0.17976014969380813,7.64940257814259
SPUP,2018-08-31,Q3,-8600,57867,150000,0,-0.5944666217360499,109.61539872299338
SHEN,2018-12-31,FY,46595000,442247000,1484766000,630854000,0.10535967457099765,-6.689263467734817
HAS,2018-12-30,FY,220434000,1754486000,5262988000,4579646000,0.12564021599488398,30.166156475360577
PLYM,2018-12-31,FY,-21175000,-11607000,470163000,49217000,1.824330145601792,42.90246588723516
NBIX,2018-12-31,FY,21111000,480765000,993151000,451240000,0.04391126641914449,50.06301381688514
DGX,2018-12-31,FY,788000000,5216000000,11003000000,7531000000,0.15107361963190183,27.717068285695046
TKR,2018-12-31,FY,305500000.0,1579600000.0,4445200000.0,3580800000.0,0.19340339326411748,51.20578983552849
TVPT,2018-12-31,FY,75173000,-170402000,2929057000,2551064000,-0.4411509254586214,0.8322670639780541
DHI,2018-12-31,Q1,286700000,9124700000,14535800000,3519000000,0.12568084430173046,51.61569379229006
TDS,2018-12-31,FY,175000000,4560000000,9783000000,5109000000,0.03837719298245614,-23.140751305425944
PNR,2018-12-31,FY,347400000,1836100000,3806500000,2965100000,0.18920538097053538,21.281104222621618
SYBX,2018-12-31,FY,-48435000,124098000,140340000,2520000,-0.39029637866847167,-66.04850161580448
SHO,2018-12-31,FY,259059000,2663486000,3972833000,1159053000,0.09726313560499286,7.148342314682611
AXL,2018-12-31,FY,-56800000,1483900000,7510700000,7270400000,-0.03827751196172249,-3.423424336771086
FUSB,2018-12-31,FY,2490000,79437000,791939000,37138000,0.0313455946221534,47.672956638767
HAE,2018-12-29,Q3,34184000,643129000,1227637000,718284000,0.2126105338120346,15.882057876028483
CANN,2018-12-31,FY,-16973758,4551337,10742225,4618712,-3.7294003937744007,-63.333332538604736
KE,2018-12-31,Q2,12184000,352577000,700672000,549769000,0.13822796155166106,12.782437517708237
FMNB,2018-12-31,FY,32569000,262320000,2328864000,91766000,0.1241575175358341,27.001574535787416
BHF,2018-12-31,FY,870000000,14418000000,206294000000,8965000000,0.06034124011652101,27.460626829362006
SEAS,2018-12-31,FY,44788000,265194000,2115602000,1372290000,0.16888768222508804,43.09642549571637
NSSC,2018-12-31,Q2,4373000,64645000,78301000,48205000,0.2705855054528579,86.984131828187
OMF,2018-12-31,FY,447000000,3799000000,20090000000,3658000000,0.11766254277441432,74.5574307441659
FF,2018-12-31,FY,53158000,389078000,471155000,291018000,0.13662556094150788,-21.941990022497933
OLN,2018-12-31,FY,327900000,2832200000,8997400000,6946100000,0.11577572205352729,-14.520139172899299
SPUP,2017-08-31,Q3,-7070,71957,150000,0,-0.39301249357255025,-79.03225899486958
CCUR,2018-12-31,Q2,-1533000,51411000,56218000,536000,-0.11927408531248176,29.909373662007894
KALV,2019-01-31,Q3,-12290000,104033000,126525000,13201000,-0.47254236636451896,-17.76351286051975
PB,2018-12-31,FY,321812000,4052824000,22693402000,727209000,0.0794043856826746,15.58587964378932
CWBC,2018-12-31,FY,7409000,76151000,877291000,42631000,0.0972935352129322,11.066805981087963
CNTY,2018-12-31,FY,4006000,176321000,278825000,168938000,0.022719925590258677,5.142085538651459
CWGL,2018-12-31,FY,1978000,213179000,255085000,67766000,0.009278587478128708,-9.32311655410549
CNDT,2018-12-31,Q4,-416000000,3222000000,6680000000,5393000000,-0.5164494103041589,-43.27375216471956
CFFN,2018-12-31,Q1,24383000,1345913000,9303782000,82421000,0.07246530793595128,7.830853282327317
YORW,2018-12-31,FY,13376000,126195000,345140000,48437000,0.10599469075636911,44.66624791461837
G,2018-12-31,FY,281258000,1404182000,3529445000,3000790000,0.20030024597950977,56.057796550843705
ELTP,2018-12-31,Q3,-6615616,-264594,26377364,6224713,100.01158000559347,28.57143313300851
XXII,2018-12-31,FY,-7966911,71280375,77302136,26426347,-0.11176864599828494,-55.823291367916795
KSS,2019-02-02,FY,801000000,5527000000,12469000000,20229000000,0.14492491405825944,-36.28911926654115
CARG,2018-12-31,FY,65170000,194111000,268290000,454086000,0.33573573882984475,3.8837871066397334
SLGN,2018-12-31,FY,223994000,881265000,4579294000,4448875000,0.25417326229908144,32.133776357162894
DAKT,2019-01-26,Q3,9861000,201151000,358752000,441949000,0.19609149345516552,-18.666667938232422
ISTR,2018-12-31,FY,13606000,182262000,1786469000,73891000,0.07465077745223908,-2.8628996222372862
GIFI,2018-12-31,FY,-20378000,201100000,258290000,221247000,-0.10133267031327697,-30.33240504187284
RGS,2018-12-31,Q2,5803000,425010000,789155000,562506000,0.05461518552504647,6.076697965638828
TTD,2018-12-31,FY,88140000,394567000,1117872000,477294000,0.22338411473843478,117.74943542496644
UNP,2018-12-31,FY,5966000000,20423000000,59147000000,22832000000,0.2921216275767517,30.326267427203383
IEP,2018-12-31,FY,2046000000,6529000000,23396000000,10576000000,0.3133711134936437,7.305532647471995
DDS,2019-02-02,FY,170263000,1678381000,3431369000,6356109000,0.10144478518286372,-9.074569735500608
EXEO,2018-11-30,FY,-1045641,-3031005,311553,5318,0.3449816150088832,7.142850191878296
QUAD,2018-12-31,FY,7900000,442500000,2469100000,3392300000,0.017853107344632767,-62.581166820555026
DRNG,2018-10-31,Q3,-1514330,-1658745,515533,0,3.651748761865145,-96.3333333365671
PLD,2018-12-31,FY,1822960000,22298093000,38417664000,2804449000,0.08175407645846665,51.328335768191145
GRWC,2018-12-31,Q2,-461937,783020,2139585,200188,-2.359771142499553,7.936509888789085
PNFP,2018-12-31,FY,359440000,3965940000,25031044000,946717000,0.09063172917391589,38.52495167912056
PANW,2019-01-31,Q2,-40900000,1071800000,5707500000,1367200000,-0.15264041798843067,10.790432905455777
PGAI,2018-12-31,FY,-736000,-90996000,553000,7000,0.008088267616158952,900.0
WMK,2018-12-29,FY,62738000,1022899000,1432011000,3509270000,0.061333523642119116,-16.03181256407063
CFG,2018-12-31,FY,1721000000,20817000000,160518000000,5758000000,0.08267281548734208,35.99058502418862
MMND,2018-09-30,FY,914925,1787619,2130568,5229465,0.5118120807621759,-73.59999895095825
BDX,2018-12-31,Q1,599000000,21404000000,52932000000,4160000000,0.11194169314146889,20.060353685591785
MCBC,2018-12-31,FY,26379000,190853000,1975124000,69037000,0.13821632355792154,15.696468262422227
SFIX,2019-01-26,Q2,22654000,353289000,557051000,736516000,0.25649255991553654,-2.707353054241322
SGMA,2019-01-31,Q3,-1846074,57282923,171094256,217267198,-0.12890920388263008,53.0075203133071
EVR,2018-12-31,FY,442851000,758120000,2125667000,2082476000,0.5841436711866196,4.821135683818092
BYLG,2018-12-31,Q3,-46611,-38790,2081,0,4.806496519721578,-11.11111111111111
HNI,2018-12-29,FY,93326000,562933000,1401844000,2257895000,0.1657852710713353,5.475581738636283
TRNO,2018-12-31,FY,63289000,1247797000,1796504000,151657000,0.05072058996775918,53.25562789898568
AJIA,2018-06-30,FY,-266097,-133211,7070,105638,1.997560261539963,-98.53333334128061
AIHS,2018-12-31,Q3,-2488661,10300100,14202231,406391,-0.9664609081465229,-82.70341098028112
FBMS,2018-12-31,FY,21225000,363254000,3003986000,99978000,0.058430189344095315,17.355371900826448
CTMX,2018-12-31,FY,-84604000,130883000,457108000,59502000,-0.6464093885378545,-45.099339387922996
STAF,2018-12-29,FY,-6501000,4195000,96437000,260926000,-1.5497020262216925,-42.48366287385487
BBGI,2018-12-31,FY,6481049,275034091,681085079,257494599,0.02356452967861355,-17.066669464111328
KW,2018-12-31,FY,212100000,1246700000,7357100000,773500000,0.17012914093206064,23.280129468767193
KAI,2018-12-29,FY,61046000,372968000,725749000,633786000,0.16367624032088543,29.83059578304085
TTMI,2018-12-31,FY,173584000,1227087000,3457503000,2847261000,0.14146022246181403,52.92909367414956
SCX,2018-12-31,Q2,2510000,88786000,181069000,108433000,0.11308089113148469,11.854682281032138
DNLI,2018-12-31,FY,-36240000,546845000,661984000,129160000,-0.06627106401265441,-16.408516043977958
HGBL,2018-12-31,FY,3751000,7600000,20631000,23664000,0.49355263157894735,100.0
EAT,2018-12-26,Q2,58400000.0,-855200000.0,1294800000.0,1544500000.0,-0.2731524789522919,-5.5068569802398
CVAT,2018-12-31,Q2,-696000,-792000,944000,408000,3.515151515151515,-33.33333333333333
NOBH,2019-02-02,Q1,1535806,50586516,57916234,11039774,0.12143995051962068,3.4782575524371606
CACI,2018-12-31,Q2,147429000,2256598000,4290618000,2347505000,0.2613296652748961,74.24842279230651
LE,2019-02-01,FY,11590000,322711000,1110911000,1451592000,0.035914486955821154,-34.403156146447
LINC,2018-12-31,FY,-6545000,39866000,146038000,263200000,-0.16417498620378268,-33.12499771825973
AMMJ,2018-03-31,Q1,-171184,1506131,1679751,279410,-0.45463243237142054,-51.46067211805845
JBL,2018-11-30,Q1,124074000,1891916000,12778337000,6506275000,0.2623245429501098,55.54666087561895
TELL,2018-12-31,FY,-125745000,297934000,408548000,10286000,-0.42205656286291593,4.172661436140251
TXMD,2018-12-31,FY,-132617160,97524121,211983924,16099460,-1.359839582660786,-37.53280839895013
NMEX,2019-01-31,Q2,-433901,-881525,173136,17081,1.9688653186239755,-27.80000078976153
TMP,2018-12-31,FY,82435000,619459000,6758436000,251592000,0.13307579678396794,21.3438128927915
FLS,2018-12-31,FY,125050000,1642315000,4616277000,3832666000,0.0761425183353985,30.58916603916135
GE,2018-12-31,FY,-22443000000,30981000000,309129000000,113543000000,-0.7244117362254285,52.221921608223724
FPAY,2018-12-31,FY,-9461262,8492676,48626315,84728369,-1.1140495645895356,239.47367843168257
HMST,2018-12-31,FY,40027000,739520000,7042221000,270702000,0.05412564906966681,60.19782880292354
MBCN,2018-12-31,FY,12431000,128290000,1248398000,50357000,0.09689765375321537,25.147296941319475
BRGO,2018-09-30,Q3,-413467,-672923,1319653,272184,2.457737363710261,-88.0
HWBK,2018-12-31,FY,10714000,99414000,1481682000,57779000,0.10777154123161728,19.115553833401183
CLIR,2018-12-31,FY,-9500000,16909000,18637000,530000,-0.561830977585901,-22.549016055855397
LBAI,2018-12-31,FY,63401000,623739000,5806093000,213121000,0.10164668234630189,17.420654266926157
MRK,2018-12-31,FY,6220000000,26701000000,82637000000,42294000000,0.2329500767761507,19.133628329788973
ARCT,2018-12-31,FY,-21785000,13642000,44198000,15753000,-1.596906611933734,129.58055489737526
SAH,2018-12-31,FY,51650000,823116000,3796807000,9951630000,0.0627493573202319,124.1279043575569
SPTN,2018-12-29,FY,33572000,715947000,1971912000,8064552000,0.046891739192984956,-17.81141074074847
FWRD,2018-12-31,FY,92051000,553244000,760215000,1320886000,0.16638409092552292,26.36280672148981
RYAM,2018-12-31,Q4,128416000,706871000,2679086000,2134413000,0.7266729007131428,-64.69483450571103
RBB,2018-12-31,FY,36105000,374621000,2974002000,102115000,0.09637740543108902,21.001710860271782
AYI,2018-11-30,Q1,79600000,1750900000,3015300000,932600000,0.18184933462790565,0.5845212135536818
TPX,2018-12-31,FY,97600000,214600000,2715400000,2702900000,0.4547996272134203,109.37197369664975
SJM,2019-01-31,Q3,442900000,8021600000,16927600000,5935900000,0.2208536950234367,0.8962647463986426
LNT,2018-12-31,FY,522300000,4585700000,15426000000,3534500000,0.11389755108271366,28.710061699681027
D,2018-12-31,FY,2549000000,22048000000,77914000000,13366000000,0.11561139332365747,14.861464991103842
GDDY,2018-12-31,FY,82000000,792700000,6083400000,2660100000,0.10344392582313612,2.9259343014052526
TSSI,2018-12-31,FY,2437000,2481000,9110000,22335000,0.9822652156388553,92.8571494460919
BPTH,2018-12-31,FY,-8583000,1218000,2335000,0,-7.04679802955665,121.6666751437717
IRIX,2018-12-29,FY,-12813000,29961000,41672000,42600000,-0.4276559527385601,-50.0
GLPI,2018-12-31,FY,339516000,2265607000,8577293000,1055727000,0.1498565285153162,32.683370813234156
PMPG,2018-09-30,Q3,-1021566,-930378,0,0,4.392047103435378,-47.61904603516564
PXD,2018-12-31,FY,975000000,12111000000,17903000000,9379000000,0.08050532573693336,14.712583801807455
EL,2018-12-31,Q2,1079000000,4306000000,12676000000,7529000000,1.0023223409196471,58.64718233161324
LMNR,2019-01-31,Q1,-4676000,214448000,373466000,42018000,-0.087219279265836,-8.896962917524705
LASR,2018-12-31,FY,13938000,217783000,250130000,191359000,0.06399948572661777,12.823389714542438
FBP,2018-12-31,FY,201608000,2044704000,12243561000,624967000,0.09860009077108471,23.25581292193156
STKS,2018-12-31,FY,3907000,12514000,55979000,85601000,0.312210324436631,13.355051946128583
GOOG,2018-12-31,FY,30736000000,177628000000,232792000000,136819000000,0.17303578264688,29.019613823451646
OCFC,2018-12-31,FY,71932000,1039358000,7516154000,276654000,0.06920810731239861,12.927586929467841
EXLS,2018-12-31,FY,56726000,618069000,1061936000,883112000,0.0917793967987393,32.23109221080806
CODA,2018-10-31,FY,4988531,24386950,28736611,18019429,0.20455739647639415,22.69939141086049
SWKH,2018-12-31,FY,6195000,213057000,215662000,25990000,0.029076725946577675,31.57894736842105
UTL,2018-12-31,FY,33000000,351300000,1298300000,444100000,0.09393680614859094,21.208534375816384
UTMD,2018-12-31,FY,18555000,88992000,99768000,41998000,0.20850188781014023,29.453539577988337
TWO,2018-12-31,FY,-44290000,4254489000,30132479000,870032000,-0.01041018087013505,13.707166728709963
MHK,2018-12-31,FY,864855000,7433814000,13099123000,9983634000,0.11634068326164738,15.748979089027063
WING,2018-12-29,FY,21719000,-224830000,139749000,153181000,-0.09660187697371347,34.30440225199655
NNUP,2018-12-31,FY,1655400,1966700,2516600,3341700,0.8417145472110642,108.33332505491077
WISA,2018-12-31,FY,-67356411,3817800,5405706,1373989,-17.642729058620148,-83.33333333333334
FELE,2018-12-31,FY,105517000,733872000,1182365000,1298129000,0.14378120435171257,32.92910116642728
TEL,2018-12-28,Q1,276000000,10236000000,19188000000,3347000000,0.10785463071512309,27.77257810866952
ROG,2018-12-31,FY,87651000,848324000,1279344000,879091000,0.10332255128936585,25.883303070427033
PBI,2018-12-31,FY,223665000,239472000,5972903000,2629541000,0.9339922830226498,-34.01014896683666
OXBR,2018-12-31,FY,-5749000,8314000,12561000,3810000,-0.6914842434447919,20.634920034218744
ENZ,2019-01-31,Q2,-14389000,67497000,89120000,40587000,-0.852719380120598,-33.510638129230855
ITP,2018-12-31,FY,-10545684,166549915,203076010,86746758,-0.0633184592138639,44.44444612640967
JKHY,2018-12-31,Q2,151640000,1391955000,1971777000,778818000,0.4357612135449781,14.914640568492421
COHN,2018-12-31,FY,-3987000,35774000,5654452000,49386000,-0.11144965617487561,-58.125743255045315
QTRX,2018-12-31,FY,-31536000,41065000,67611000,37632000,-0.7679532448557166,27.63518034341235
KEYW,2018-12-31,FY,-22280000,290230000,675981000,506840000,-0.07676670227061297,67.86247303713976
MNKD,2018-12-31,FY,-86975000,-175082000,107705000,27859000,0.4967672290698073,23.584906933527545
OXY,2018-12-31,FY,4131000000,21330000000,43854000000,17824000000,0.19367088607594937,-33.69175618329912
FLWS,2018-12-30,Q2,51312000,356073000,685461000,740812000,0.5764211271284259,17.00736676397316
LXU,2018-12-31,FY,-72226000,342197000,1148333000,378160000,-0.21106555580557398,-23.913050557955625
FOR,2018-12-31,Q1,3900000,676700000,918700000,38500000,0.0230530515738141,49.81949045836823
CPHI,2018-12-31,FY,-10750167,30198775,45377325,12330687,-0.35598023429758324,-11.538461538461538
CRSP,2018-12-31,FY,-164981000,392195000,489016000,3124000,-0.4206606407526868,116.45082538727122
BFS,2018-12-31,FY,63059000,355912000,1527489000,227904000,0.17717581874171143,9.572215885038826
TROW,2018-12-31,FY,1768700000,6124300000,7689300000,5372600000,0.288800352693369,31.943238692864558
ASB,2018-12-31,FY,333562000,3780888000,33647859000,1154137000,0.08822318989613022,11.116719321951567
DXPE,2018-12-31,FY,35521000,306848000,699962000,1216197000,0.11576089790384816,43.57040589666692
GTN,2018-12-31,FY,210803000,1187189000,4213445000,1084132000,0.17756481908103933,44.50474605024194
JOUT,2018-12-28,Q1,3521000,279567000,391114000,104440000,0.05037790583294881,30.118208562711317
FGBI,2018-12-31,FY,14213000,147284000,1817211000,78390000,0.09650063822275332,2.132696921296114
DE,2019-01-27,Q1,499600000,11327800000,69918200000,7984000000,0.17641554405974683,8.70981477767207
FIVE,2019-02-02,FY,149645000,615094000,952264000,1559563000,0.24328801776639017,-10.71681775848252
CSX,2018-12-31,FY,3309000000,12580000000,36729000000,12250000000,0.26303656597774244,16.43328737031226
ALLE,2018-12-31,FY,435400000,651000000,2810200000,2731700000,0.6688172043010753,55.71447016960304
NSA,2018-12-31,FY,56326000,916839000,2729263000,330896000,0.06143499567535849,24.678771050396968
ESE,2018-12-31,Q1,17317000,776792000,1268211000,182597000,0.08917187612642767,39.75739565428742
RGIN,2018-12-31,Q1,-247306,-3216535,40295,0,0.30754336576471264,-13.522018104441202
TTEC,2018-12-31,FY,39755000,352849000,1054508000,1509171000,0.11266859194726356,37.76689195233725
BHE,2018-12-31,FY,2591000000,29593000000,92189000000,19787000000,0.08755448923731964,63.45608325333516
DTGI,2017-10-31,Q1,-370000,-676000,755000,55000,2.1893491124260356,-22.666666843273024
AON,2018-12-31,FY,1174000000,4151000000,26422000000,10770000000,0.28282341604432665,42.845348457477726
MPW,2018-12-31,FY,1018477000,4547108000,8843643000,784522000,0.22398346377521713,29.29105108313798
RGIN,2018-09-30,FY,-559058,-3000053,56433,0,0.18634937449438393,-48.27586502202952
CLH,2018-12-31,FY,65636000,1169756000,3738321000,3300303000,0.05611084704844429,74.3667795590349
EIX,2018-12-31,FY,-316000000,12652000000,56715000000,12657000000,-0.024976288333860258,31.60119514188866
ENPH,2018-12-31,Q4,-11627000,7776000,339937000,316159000,-5.9809670781893,436.363651943555
HMNY,2018-09-30,Q3,-256381361,91430807,134306992,198313610,-11.216410284992891,-66.43835655760476
LEN,2018-11-30,FY,1717513000,14581535000,28566181000,20571631000,0.11778684480063313,39.597477568231795
CF,2018-12-31,Q4,428000000,2958000000,12661000000,4429000000,0.5787694388100068,8.84854616717598
PIRS,2018-12-31,FY,-26754000,39935000,141341000,29101000,-0.6699386503067485,35.33833791243388
IQV,2018-12-31,FY,284000000,6714000000,22549000000,10412000000,0.04229967232648198,32.090900720408726
ADSK,2019-01-31,FY,-80800000.0,-210900000.0,4729200000.0,2569800000.0,0.3831199620673305,35.183430447442234
KKR,2018-12-31,FY,2450946000,8649610000,50743375000,1841326000,0.28335913411124897,47.987776255850186
AJIA,2018-12-31,Q2,-141983,-278250,35016,30000,2.041085354896676,-28.57142857142857
CHSCP,2018-11-30,Q1,347115000,8282717000,16853756000,8484289000,0.16763339855750234,-1.0600680040573285
ADTN,2018-12-31,FY,-19342000,446279000,628027000,529277000,-0.04334060083490373,-8.472996897628121
AMP,2018-12-31,FY,905000000,3572000000,110073000000,3921000000,0.2533594624860022,59.11660721850207
PRGS,2018-11-30,FY,63491000,310082000,640609000,397165000,0.2047555162827897,19.48236207010472
ELST,2018-12-31,FY,-116099,1953171,2050839,1395030,-0.05944128803878411,5.1282080672902834
CRBO,2018-12-31,FY,12779000,47751000,310891000,53051000,0.2676174320956629,-65.94594491494668
TECH,2018-12-31,FY,-600840,99072,104872,38950,-6.06468023255814,50.26257938060198
BCPC,2018-12-31,FY,78573000,691618000,981355000,643679000,0.11360751166106145,28.870457162872043
AKBA,2018-12-31,FY,-143588000,635928000,996540000,207742000,-0.2257928570529997,18.98733587813181
FAF,2018-12-31,FY,475898000,3741881000,10630635000,5747844000,0.12718148973738075,30.331543684266116
RNST,2018-12-31,FY,146920000,2043913000,12934878000,461854000,0.07188172882113866,17.66069570066685
GOGO,2018-12-31,FY,-162031000,-268761000,1265096000,893764000,0.6028813704369309,113.71236943492964
HEES,2018-12-31,FY,76623000,256803000,1727181000,1238961000,0.29837268256211963,61.949067440092485
CATC,2018-12-31,FY,23881000,167026000,2101384000,69055000,0.14297773999257601,-3.927923895575263
GIS,2019-02-24,Q3,1205000000,6930400000,30285800000,12703500000,0.6954865520027704,16.70995081930531
KLXE,2019-01-31,FY,14400000,340700000,672800000,495300000,0.04226592309950103,-85.072908436377
ETSY,2018-12-31,FY,77491000,400898000,901851000,603693000,0.1932935559668544,-6.516709047737043
AFL,2018-12-31,FY,2920000000,23462000000,140406000000,21758000000,0.12445656806751343,15.75943829840393
CHUY,2018-12-30,FY,5539000,193851000,277084000,398200000,0.02857349201190605,45.603158156512045
SNA,2018-12-29,FY,696200000,3098800000,5373100000,4070400000,0.22466761326965276,16.456744970055322
SAIA,2018-12-31,FY,104981000,695864000,1133743000,1653849000,0.15086424933607717,65.19168683016424
RJF,2018-12-31,Q1,247000000,6143000000,38544000000,2004000000,0.1608334689890933,21.045555667486152
MDRX,2018-12-31,FY,407807000,1551113000,3181484000,1749962000,0.26291250218391565,2.0746867442143677
JAKK,2018-12-31,FY,-42425000,50737000,342841000,567810000,-0.8361747836884325,-32.65306294568461
CLB,2018-12-31,FY,79789000,156759000,648827000,700846000,0.5089915092594365,-20.449213533594495
CLW,2018-12-31,Q4,-143767000,426396000,1788118000,1724218000,-1.3486711882850684,-13.089866328285135
KFY,2019-01-31,Q3,54169000,1204694000,2217553000,1471327000,0.17985978182011367,-7.214906164300021
IMMR,2018-12-31,FY,54343000,99660000,145995000,110979000,0.545283965482641,-16.071429141626066
IVDN,2018-10-31,FY,-554625,1209074,1702533,249682,-0.4587188211805067,59.090907243657696
HCGS,2018-12-31,FY,121011,8066290,9333708,7483418,0.015002064145970452,-29.999996274709616
TYL,2018-12-31,FY,147462000,1324846000,1790963000,935282000,0.11130501205423121,60.56397244188243
BLUE,2018-12-31,FY,-555625000,1885070000,2242844000,54579000,-0.29475032757404235,-11.743947363358645
GDSI,2017-06-30,Q2,50265,-1846159,29273,0,-0.10890719596741126,433.3333678267626
EMYB,2018-12-31,FY,10079000,87225000,1099387000,38691000,0.11555173402120951,23.07692209552423
INDB,2018-12-31,FY,121622000,1073490000,8851592000,323701000,0.11329588538318941,19.015791794673248
PBPB,2018-12-30,FY,-8549000,95171000,153215000,422638000,-0.08982778367359805,-47.32919663780647
CHD,2018-12-31,FY,568600000,2453800000,6069200000,4145900000,0.2317222267503464,6.979921211653621
PNC,2018-12-31,FY,5346000000,47728000000,382315000000,12582000000,0.11200972175662086,36.87451822766776
CVBF,2018-12-31,FY,152003000,1851190000,11529153000,361860000,0.0821109664594126,6.623826905137735
MRSN,2018-12-31,FY,-64257000,8795000,78502000,10594000,-7.306083001705514,27.81863358102375
WYNN,2018-12-31,FY,803084000,2034123000,13216269000,6717660000,0.3948060171385899,40.915983947341054
DGL,2018-12-31,FY,-9552039,94613599,96055229,2618279,-0.10095841507942215,14.415783082850323
R,2018-12-31,FY,273298000,2910327000,13051084000,8409215000,0.09390628613210818,11.713393999826021
WVE,2018-12-31,FY,-146653000,73348000,295940000,14414000,-1.9994137536129137,-80.99429210962009
EVBG,2018-12-31,FY,-47515000,42158000,262180000,147094000,-1.1270695953318468,39.534882470558244
SFST,2018-12-31,FY,22289000,173916000,1900614000,76657000,0.1281595712872881,32.36670148703015
DOC,2018-12-31,FY,58321000,2379505000,4142834000,422551000,0.024509719458458798,21.947730043451763
QSR,2018-12-31,FY,1144000000,3618000000,20141000000,5357000000,0.3161967938087341,22.332696893997582
BBCP,2019-01-31,Q1,-3630000,246613000,735448000,33970000,-0.058877674737341505,-35.61470203206969
WSR,2018-12-31,FY,21981000,350456000,1028872000,119863000,0.06272114045700458,10.358886463130066
ELMD,2018-12-31,Q2,532129,23810543,26881613,15288370,0.0893938454070535,70.72690215863894
SLGD,2018-12-31,FY,2227000,24082000,26475000,37058000,0.09247570799767461,-29.41176525586755
BKU,2018-12-31,Q4,324866000,2923833000,32164326000,1449144000,0.44443851615328234,21.676685555618484
TRGP,2018-12-31,FY,60400000,6079400000,16938200000,10484000000,0.009935190972793368,11.604664775274408
VIVC,2019-01-31,Q3,-24590,-12155,0,0,8.092143150966681,300.0
QNTO,2018-12-31,FY,2004000,23836000,271404000,12125000,0.08407450914582984,21.91201539304615
X,2018-12-31,FY,1115000000,4202000000,10982000000,12758000000,0.26534983341266066,-38.377193464026455
KTCC,2018-12-29,Q2,3182000,124226000,252829000,250509000,0.10245842255244474,-3.539828012857555
VRNT,2019-01-31,FY,70220000,1249236000,2867027000,454650000,0.05621035576944629,21.542282414802184
RIVX,2018-12-31,Q3,-45987,-21556,0,0,8.533494154759696,110.79999923706055
GTX,2018-12-31,FY,1180000000,-2593000000,2104000000,3375000000,-0.4550713459313536,-18.557535928172406
SPSC,2018-12-31,FY,23872000,318974000,386123000,248240000,0.07483995560766708,34.35300315038993
HBIO,2018-12-31,FY,-2922000,82724000,168613000,120774000,-0.03532227648566317,-6.603774645864072
BA,2018-12-31,FY,10460000000,339000000,117359000000,101127000000,30.855457227138643,1.209300433018411
RFL,2019-01-31,Q2,-1366000,118827000,144166000,2152000,-0.04598281535341295,33.7872831303178
WDDD,2018-12-31,FY,1754315,-595142,3846120,0,-2.947725080737034,7.142857649699376
HPE,2019-01-31,Q1,177000000,18293000000,51758000000,7553000000,0.038703329142294865,-7.504811192062298
DBB,2018-12-31,FY,-62628733,160559793,209290471,5335506,-0.39006485889029513,-1.4944801220256936
BELFB,2018-12-31,FY,20709000,176470000,443524000,548184000,0.1173513911713039,10.043433082558064
VRUS,2018-10-31,FY,-2824292,-1558229,1402107,5802037,1.812501243398756,592.8571410325109
MIDD,2018-12-29,FY,317152000,1665203000,4549781000,2722931000,0.1904584606201166,6.8139781672922
CIVI,2018-12-31,Q1,6387000,172890000,1099547000,406631000,0.14777025854589623,11.272375012607233
FTLF,2018-12-31,FY,509000,2314000,5862000,17077000,0.21996542783059636,3179.069801612181
KRNY,2018-12-31,Q2,21914000,1183261000,6702440000,118228000,0.0740800212294667,7.8003121981643035
RLJ,2018-12-31,FY,188643000,3429776000,6005097000,1761224000,0.055001551121705905,8.353663848171324
SCCO,2018-12-31,FY,1548200000,6567400000,14484800000,7096700000,0.23574017114839968,38.08905117434282
OESX,2018-12-31,Q3,-5792000,18665000,40333000,43311000,-1.2412536833645862,510.5263267967951
NHEL,2018-12-31,Q1,46142,-180198,125337,121750,-1.0242511015660551,-99.1967871696239
CVLT,2018-12-31,Q3,5724000,395027000,814687000,529530000,0.057960595098562884,-25.30039046257255
IPIX,2018-12-31,Q2,-6029000,-4236000,4407000,0,5.693106704438149,-39.69585455466078
BSPK,2018-11-30,Q1,3853800,-498034,243288,41431,-30.952103671636877,-79.99999964678729
CDXC,2018-12-31,FY,-33316000,27178000,42232000,31557000,-1.2258444329972773,27.405241997285923
BRKL,2018-12-31,FY,86551000,900140000,7392805000,313893000,0.09615282067233986,19.464548433131004
BRKR,2018-12-31,FY,181000000,896600000,2128600000,1895600000,0.20187374525987062,69.43230719217142
NCMI,2018-12-27,FY,29800000,-368000000,1141800000,441400000,-0.08097826086956522,14.603169759114584
CODA,2018-10-31,FY,4988531,24386950,28736611,18019429,0.20455739647639415,22.69939141086049
WM,2018-12-31,FY,1923000000,6275000000,22650000000,14914000000,0.30645418326693225,27.84582467035382
SPUP,2017-11-30,FY,-12560,66467,150000,0,-0.18896595302932281,0.0
DEA,2018-12-31,FY,6659000,894163000,1861550000,160591000,0.007447188040659253,49.55357338353423
CFFI,2018-12-31,FY,18020000,151958000,1521411000,92548000,0.11858539859698075,3.34524079049189
DZSI,2018-12-31,FY,2836000,77239000,190007000,282348000,0.03671720244953974,-38.38964925352874
USAP,2018-12-31,FY,10662000,237011000,353320000,255927000,0.044985253848977474,-8.204805954034425
CLF,2018-12-31,FY,1128100000,424200000,3529600000,2332400000,2.659358793022159,8.322494950889805
POWW,2018-12-31,Q3,-3973806,18727330,22313708,3201967,-0.8487715013298746,-64.45182538730148
ESNT,2018-12-31,FY,467363000,2365717000,3149971000,719353000,0.19755659700631986,51.66764098810703
TMHC,2018-12-31,FY,210480000,2415192000,5264441000,4227393000,0.08714835093855892,37.16981125285337
LBUY,2018-12-31,Q2,-3106773,1397129,3850072,807230,-8.894734845529655,-73.33333322295435
MEIP,2018-12-31,Q2,-2517000,53470000,96305000,2536000,-0.1882925004675519,-10.984847198614167
NAUH,2018-11-30,Q2,-16234000,523000,34900000,31203000,-124.16061185468452,-91.17647087826654
AXTI,2018-12-31,FY,11009000,190835000,223524000,102397000,0.05768857913904682,-4.827587189676289
TRS,2018-12-31,FY,83300000,620450000,1100520000,877140000,0.134257393827061,14.474161682212944
BDC,2018-12-31,FY,160711000,1387147000,3779321000,2585368000,0.11585722349541902,31.505864743092427
IZEA,2018-12-31,Q4,-5718407,7218315,22918077,20099695,-3.1688320612220444,-77.55102096672405
VVV,2018-12-31,Q1,53000000,-343000000,1832000000,557000000,-0.6180758017492711,10.335917108897185
SPR,2018-12-31,FY,617000000,1237600000,5685900000,7222000000,0.49854557207498384,1.3455420585079025
IIPR,2018-12-31,FY,6985000,264292000,281466000,14787000,0.02642910114570248,61.79776036338711
OMCL,2018-12-31,FY,37729000,679617000,1081242000,787309000,0.055515091588350496,33.62181513431889
SCWX,2019-02-01,FY,-39101000,692707000,1036159000,518709000,-0.05644666504019737,-31.934231385565358
DUUO,2018-12-31,Q3,-1180108,-3062272,1098815,479080,1.5414803126567465,-88.33333374725446
GLT,2018-12-31,FY,-177604000,538898000,1339754000,866286000,-0.32956886089760956,87.80737186320793
AEYE,2018-12-31,FY,-5019874,5874902,9104079,5660427,-0.8544608914327422,-46.19883272497093
AINC,2018-12-31,FY,7820000,65443000,379005000,195520000,0.11949329951255291,-53.79576331943039
LKFN,2018-12-31,FY,80411000,521615000,4875254000,198970000,0.15415776003374135,21.563744721901823
DXC,2018-12-31,Q3,991000000,11022000000,28871000000,15473000000,0.3596443476682998,-31.201799716405194
ELAN,2018-12-31,FY,86500000,5197500000,8956700000,3066800000,0.016642616642616643,-7.104344187556308
AIRT,2018-12-31,Q3,-461746,23275584,116903386,173830917,-0.07935285318727127,27.040826216781475
FFIC,2018-12-31,FY,55090000,549464000,6834176000,256998000,0.10026134560225966,0.32512630093708134
STT,2018-12-31,FY,2599000000,24790000000,244626000000,3662000000,0.10484066155707947,26.652921579089917
PRK,2018-12-31,FY,110387000,832506000,7804308000,310801000,0.13259604134985215,20.77693014707533
LTRX,2018-12-31,Q2,194000,36016000,46751000,24393000,0.02154597956463794,21.088431071162756
ARTNA,2018-12-31,FY,14278000,153251000,529830000,80411000,0.0931674181571409,6.45253819592929
CUBI,2018-12-31,FY,71695000,956816000,9833425000,417951000,0.07493081219377602,30.439553713974433
AVB,2018-12-31,FY,974175000,10632606000,18380200000,3572000,0.09162147078524305,19.287556148704503
LRCX,2018-12-23,Q2,1102215000,5784363000,10768458000,4853364000,0.7622032019774693,141.24757187461552
OGE,2018-12-31,FY,328000000,3603300000,9704500000,2211700000,0.09102766908112009,12.936973392412638
AFOM,2018-12-31,Q1,-2817334,-5250807,3444160,2210,2.1462102872948865,-99.52000005239528
ESMC,2018-12-31,Q2,-265719,2146536,5234333,4219433,-0.4951587115240555,25.00000776102163
SUNW,2018-12-31,FY,-5740000,9996000,32196000,70965000,-0.5742296918767507,-28.571468499741464
FIFG,2018-12-31,FY,-1973478,-536628,680179,251083,3.6775531653212283,141.66666511446232
TDG,2018-12-29,Q1,196042000,-1666893000,12389278000,993302000,-0.4704369146669882,65.84719888188964
MBIN,2018-12-31,FY,62874000,421237000,3884163000,140563000,0.14926039260558782,-1.553108237538282
HLNE,2018-12-31,Q3,78590000,103606000,363852000,185191000,3.0341872092349864,63.581085205078125
PMPG,2017-03-31,Q1,-28039,-891158,84,0,0.12585422562553442,31.249998635757915
MYGN,2018-12-31,Q2,1800000,1064200000,1556600000,419100000,0.00676564555534674,-8.771927292158049
NNN,2018-12-31,FY,292485000,4154250000,7103438000,622661000,0.07040621050731179,9.297056879568093
DOOR,2018-12-30,FY,96544000,610440000,1778465000,2170103000,0.1581547736059236,60.27212924258478
EFSI,2018-12-31,FY,9001000,87599000,799617000,31923000,0.1027523145241384,0.19360912031467867
ICD,2018-12-31,FY,-19993000,391533000,584862000,142609000,-0.051063384184730276,-71.44230887969802
VCTR,2018-12-31,FY,63704000,455548000,801511000,413412000,0.1398403680841536,103.4246611773473
SPWH,2019-02-02,FY,23750000,78660000,388897000,849129000,0.30193236714975846,23.900573526602816
BIIB,2018-12-31,FY,4430700000,13039600000,25288900000,13452900000,0.3397880303076781,-1.631664044601177
FCF,2018-12-31,FY,107498000,975389000,7828255000,292257000,0.110210387855512,20.695364369116803
UNM,2018-12-31,FY,523400000,8621800000,61875600000,11598500000,0.060706580992368184,-2.1443130659033116
FI,2018-12-31,FY,-90733000,1034772000,1193929000,522493000,-0.087684050206229,57.123424380489304
LMNR,2018-10-31,FY,20212000,219140000,421339000,129392000,0.09223327553162362,-22.231235809500053
EFSC,2018-12-31,FY,89217000,603804000,5645662000,237802000,0.14775821293002364,28.355030204839
FARO,2018-12-31,FY,4930000,376609000,506244000,403627000,0.013090499695971152,23.597441674742235
VIDE,2018-11-30,Q3,120000,4709000,8066000,11512000,0.10193246973879805,4.999995231628418
CTRE,2018-12-31,FY,57923000,768247000,1291762000,3379000,0.07539632435922301,10.61755736201479
FNF,2018-12-31,FY,-10600000,1124600000,1459500000,1205400000,-0.009425573537257691,43.51146011051741
CCI,2018-12-31,FY,671000000,12034000000,32785000000,707000000,0.055758683729433274,30.166618311347992
FUNC,2018-12-31,FY,10667000,117066000,1384516000,52294000,0.0911195394051219,52.135673349775026
BYD,2018-12-31,FY,115048000,1145741000,5756339000,2626730000,0.10041361878469916,44.22520848430499
GEOS,2018-12-31,Q1,-5853000,171397000,202930000,10459000,-0.1365951562746139,63.433556699080796
MYMX,2018-12-31,FY,-4172000,-47025000,7808000,967000,0.08871876661350346,-34.615382411070875
LPCN,2018-12-31,FY,-11660022,9433673,20851953,428031,-1.2360002302390596,-72.1538475148154
CASH,2018-12-31,Q1,16320000,767461000,6182765000,74976000,0.08505969684453021,84.16709751696449
GEVO,2018-12-31,FY,-27976000,88787000,107035000,32863000,-0.31509117325734626,18.367341229042886
EGY,2018-12-31,FY,98232000,109827000,166312000,104943000,0.8944248682018083,55.78230729818719
HFBL,2018-12-31,Q2,2393000,48638000,425569000,9882000,0.19680085529832642,23.964703301746187
MA,2018-12-31,Q4,5859000000,5395000000,24860000000,14950000000,4.344022242817424,57.81606724252926
HALL,2018-12-31,FY,10347000,255532000,1264894000,5115000,0.04049199317502309,62.956028495538376
REFR,2018-12-31,FY,-2686128,3099490,4058566,1488642,-0.8666354787400508,98.71794989358278
MORN,2018-12-31,FY,183000000,934700000,1453800000,1019900000,0.1957847437680539,36.971961001734535
CMI,2018-12-31,FY,2187000000,7348000000,19062000000,23771000000,0.297632008709853,34.061661538728536
SRPT,2018-12-31,FY,-361918000,1032276000,1642075000,301034000,-0.3506019707907575,18.015208034012016
BE,2018-12-31,FY,-241753000,-91661000,1389668000,742038000,2.637468498052607,-27.955907945770136
SCYX,2018-12-31,FY,-12468000,31225000,53170000,257000,-0.39929543634907927,81.53526324427526
SITC,2018-12-31,FY,116105000,2070074000,4206331000,707255000,0.05608736692504712,24.841915770655017
BLMN,2018-12-30,FY,109538000,45730000,2464774000,4126413000,2.395320358626722,21.18502540430675
GCBC,2018-12-31,Q2,8964000,104121000,1195286000,22403000,0.344368571181606,-7.744221368151188
OTTW,2018-12-31,FY,1994306,52824366,292836079,11099012,0.03775352457613973,5.626406633853021
MNTR,2018-12-31,FY,-420279,6433840,8092663,5281533,-0.06532319734404338,-64.70588351306617
CEIX,2018-12-31,FY,178785000,409935000,2760727000,1472790000,0.43613011818946906,-54.36770518825309
EQC,2018-12-31,FY,272908000,3182801000,3530772000,197022000,0.0857446004321351,9.330227001179555
ATLO,2018-12-31,FY,17013878,172865064,1455687351,49726963,0.09842288318014333,9.952795747648022
FTDR,2018-12-31,FY,125000000,-344000000,1041000000,1258000000,-0.3633720930232558,76.36226692501289
LAD,2018-12-31,FY,265700000,1197200000,5384000000,11821400000,0.2219345138656866,92.97785866399539
TBBK,2018-12-31,FY,88677000,406776000,4437911000,147960000,0.21799958699628297,63.31658213190538
YUM,2018-12-31,FY,1542000000,-7926000000,4130000000,5688000000,-0.19454958364875094,9.486511525681395
NTIC,2018-11-30,Q1,1641191,54083514,63319213,14094052,0.12138197972861009,-27.44158616432888
OPK,2018-12-31,FY,-153040000,1791291000,2451072000,990266000,-0.0854355880758626,-51.49501519027348
CMTV,2018-12-31,FY,8397532,62603711,720347498,29114603,0.13413792674367178,-1.5151515151515151
BMMJ,2019-01-31,Q2,-1975474,17833637,26430658,2521723,-0.44308942701928944,-28.813558380277044
SRI,2018-12-31,FY,53848000,283266000,559519000,866199000,0.19009694068472743,19.87829490612556
AXNX,2018-12-31,FY,-32483000,143275000,171906000,700000,-0.22671785028790786,79.54996543482784
CURO,2018-12-31,FY,-22053000,-19101000,919617000,1094311000,1.15454688236218,29.926240475064482
GORO,2018-12-31,FY,9288000,127262000,150331000,115308000,0.07298329430623439,41.25000238418579
XRX,2018-12-31,FY,374000000,5005000000,14874000000,9830000000,0.07472527472527472,86.74089624728195
TISI,2018-12-31,FY,-63146000,457100000,977821000,1246929000,-0.13814482607744477,8.805456584630972
MXSG,2018-12-31,Q3,-1664951,-272821,1196938,0,24.41089212340692,-45.454547507047
TPIC,2018-12-31,FY,5279000,220957000,604855000,1029624000,0.023891526405590228,-25.061024680765478
BRID,2018-11-02,FY,6517000,65680000,101494000,174257000,0.09922350791717417,45.66475071834281
FCEL,2018-10-31,FY,-47334000,82194000,340421000,89437000,-0.5758814512008176,-97.64705883212294
HHS,2018-12-31,FY,17550000,-19184000,125175000,284628000,-0.9148248540450375,52.479336400328826
WATT,2018-12-31,FY,-50840122,18370435,22010169,514823,-2.7674969046731883,-69.94818797931605
FCCN,2018-12-31,FY,-178359,-523002,658,0,0.34102928860692694,15.217389719867077
MCFT,2018-12-30,Q2,18652000,68725000,271597000,215182000,1.0856020371044015,-17.486632750541453
OC,2018-12-31,FY,547000000,4283000000,9771000000,7057000000,0.12771421900537006,47.2260133559509
QCOM,2018-12-30,Q1,1068000000,3617000000,34246000000,4842000000,1.1810893005252971,56.03585185354002
BURL,2019-02-02,FY,414745000,322710000,3079172000,6643051000,1.2851941371510025,23.74530239169833
ADBE,2019-03-01,Q1,674241000,9871485000,19505536000,2600946000,0.27320752652716385,30.722314439353237
MUX,2018-12-31,FY,-44870000,485946000,616941000,128822000,-0.0923353623653657,-28.571431565696315
PBHC,2018-12-31,FY,4009000,64221000,933115000,34810000,0.06242506345276467,-10.919540579877838
BDSI,2018-12-31,FY,-33867000,29742000,108533000,55640000,-1.1386927577163608,71.35135326705941
HSTM,2018-12-31,FY,32217000,318947000,441948000,231616000,0.10101051271841403,12.712214258043344
STAG,2018-12-31,FY,96245000,1613803000,3102532000,350993000,0.059638629993871616,25.241161167515124
SBRA,2018-12-31,FY,279082000,3250414000,6665303000,623409000,0.0858604473153266,27.851943447111466
DRQ,2018-12-31,FY,-95695000,1096162000,1192510000,337466000,-0.08730005236452276,56.37694975263855
CLAR,2018-12-31,FY,7301000,166205000,213128000,212141000,0.043927679672693364,34.584984827780005
IRMD,2018-12-31,FY,6303450,41945733,48442258,30438983,0.15027631058444013,-0.9811928867590075
TAPM,2018-12-31,FY,-2996494,1168443,2228427,2872278,-2.564518765570935,122.22222222222223
T,2018-12-31,FY,19953000000,193884000000,531864000000,170756000000,0.10291205050442533,36.7904688715962
PLUS,2018-12-31,Q3,48140000,409177000,798189000,1047239000,0.4706031863961073,18.33638244696783
TEVA,2018-12-31,FY,-2472000000,15794000000,60683000000,18854000000,-0.15651513232873243,-36.9649791249228
KEYS,2019-01-31,Q1,114000000,2658000000,5978000000,1006000000,0.17155756207674944,28.735483973374837
FIZZ,2019-01-26,Q3,114717000,305494000,552673000,774190000,1.5020524134680222,-44.786014560509145
DCOM,2018-12-31,FY,51288000,602081000,6320578000,221710000,0.0851845515802691,31.65948087342351
ESTA,2018-12-31,FY,-21098000,69485000,116573000,61208000,-0.30363387781535583,-0.9846843800598735
ON,2018-12-31,FY,629900000,3171600000,7587600000,5878300000,0.19860638163702862,47.12295929006429
SALM,2018-12-31,FY,-3192000,221869000,559028000,262783000,-0.014386867926569282,-30.622004438692485
QLYS,2018-12-31,FY,57304000,357989000,585680000,278889000,0.16007195751824776,11.640359681966322
SPB,2018-12-30,Q1,-112300000,1397400000,7551500000,874600000,-0.32145412909689425,50.674555851862976
TRMK,2018-12-31,FY,149584000,1591453000,13286460000,485612000,0.09399209401722829,21.843120006376164
BANC,2018-12-31,FY,45472000,945534000,10630067000,422796000,0.04809134309289777,28.174296980478054
CDNA,2018-12-31,FY,-46781000,95928000,130697000,76569000,-0.48766783420899007,-16.58711287801769
FORM,2018-12-29,FY,104036000,580164000,728222000,529675000,0.17932170903399727,84.81192784617971
FBIO,2018-12-31,FY,-141936000,1852000,140993000,26882000,-76.63930885529157,186.04653191519247
IIIN,2018-12-29,Q1,4126000,245382000,311434000,104110000,0.06725839711144256,-10.337727174210448
REGI,2018-12-31,FY,292316000,765253000,1107096000,2382987000,0.3819860882610065,4.105052009759094
OIS,2018-12-31,FY,-19105000,1439768000,2003821000,1088133000,-0.013269498974834834,17.927174142068758
APTO,2018-12-31,FY,-28868000,14081000,16870000,0,-2.0501384844826362,180.6282841457696
OPY,2018-12-31,FY,28876000,545322000,2240314000,958154000,0.052952200718107835,8.180039980417389
APVO,2018-12-31,FY,-53689000,30406000,67494000,23067000,-1.7657370255870553,-50.47244278168706
CORR,2018-12-31,FY,43711876,455011305,624883180,89231598,0.09606767023074295,32.10398532056601
ALG,2018-12-31,FY,73486000,507371000,721633000,1008822000,0.14483681566348885,60.501809317037946
BKH,2018-12-31,FY,272662000,2181588000,6963327000,1754268000,0.12498326906822003,24.466392018180272
ENG,2018-12-29,FY,-5671000,15489000,22306000,53996000,-0.36613080250500357,73.6842143788783
RSG,2018-12-31,FY,1037599999.9999999,7927100000.0,21617000000.0,10040900000.0,0.13089276015188403,24.84395141062845
SIGA,2018-12-31,FY,421807828,102914687,203443741,477053782,4.098616439459219,-39.493668960696006
DRI,2018-11-25,Q2,281800000,2250300000,5549200000,4034800000,0.500910989645825,3.980775696628483
CHHE,2018-12-31,Q2,1749481,35650803,44091294,4855982,0.19629078200566757,-44.444443775480984
ADI,2019-02-02,Q1,355006000,11585437000,21828278000,1541101000,0.12256973992435503,10.080244091657422
WWW,2018-12-29,FY,200300000,986000000,2183100000,2239200000,0.20314401622718053,5.8011988843714875
GMGI,2019-01-31,Q2,753790,-118007,1828435,2752,-25.55068767107036,399.99998013178583
GNW,2018-12-31,FY,297000000,12450000000,100923000000,8430000000,0.023855421686746987,-8.154498928037288
MFCO,2018-12-31,Q1,-60224,1129688,1657362,858318,-0.2132411780951909,44.44444297272478
KPTI,2018-12-31,FY,-178407000,183170000,341192000,30336000,-0.9739968335426107,102.13447988668271
PRTT,2018-03-31,Q1,-3726,-147167,100,0,0.10127270379908539,100.0
EQIX,2018-12-31,FY,365359000,7219279000,20244638000,5071654000,0.050608793482008384,64.57907710812879
DAR,2018-12-29,FY,105944000,2273048000,4889354000,3387726000,0.046608782568603915,45.53014726139331
UVSP,2018-12-31,FY,50543000,624133000,4984347000,190488000,0.08098113703329259,24.06119892205178
MAN,2018-12-31,FY,556700000,2624900000,8519800000,21991200000,0.2120842698769477,50.24690744626517
ATGE,2018-12-31,Q2,7921000,1429647000,2122223000,600784000,0.022162114144260787,-26.690619504582713
CDAY,2018-12-31,FY,-63900000,1532000000,5154400000,746400000,-0.04171018276762402,97.1875872035439
BLGO,2018-12-31,FY,-10696000,-1496000,3185000,1364000,7.149732620320855,-8.333331781129008
PRIM,2018-12-31,FY,87593000,606983000,1594147000,2939478000,0.14430881919262978,16.3617417952349
NEOG,2019-02-28,Q3,44361000,619916000,672585000,304424000,0.2862387807380355,2.679147630633374
PODD,2018-12-31,FY,3292000,212099000,928744000,563823000,0.015521053847495745,113.50227780518516
SEIC,2018-12-31,FY,505868000,1593147000,1971668000,1624167000,0.3175275100163387,41.796539078806774
IPG,2018-12-31,FY,637700000,2393200000,15620300000,8031600000,0.26646331271937157,11.875913051895695
SGH,2018-11-30,Q1,30976000,229665000,771075000,393879000,0.5394988352600527,-10.177899053033968
UUU,2018-12-31,Q3,-1077150,11028187,19346314,13064110,-0.390689784277325,-42.45282573265359
NMIH,2018-12-31,FY,107927000,701500000,1092043000,275025000,0.15385174625801853,84.81793262432682
GTIM,2018-12-25,Q1,-742000,33047000,60832000,25370000,-0.08981148061851303,-36.95651835890476
CVLY,2018-12-31,FY,19542000,178746000,1807480000,80321000,0.10932832063374845,13.647063923872283
WERN,2018-12-31,FY,168148000,1264753000,2083504000,2457914000,0.13294927942452003,22.64725260449287
AOS,2018-12-31,FY,444200000,1717000000,3071500000,3187900000,0.2587070471753058,11.405149519602764
PWOD,2018-12-31,FY,14710000,143536000,1684771000,58746000,0.10248300078029206,32.62922594543865
CMA,2018-12-31,FY,1235000000,7507000000,70818000000,2619000000,0.1645131210869855,3.9452598459060066
WDC,2018-12-28,Q2,24000000,10912000000,27939000000,9261000000,0.008797653958944282,69.10723524688743
VERI,2018-12-31,FY,-61104000,60283000,117754000,27047000,-1.0136190965943965,-37.631581176351006
RCUS,2018-12-31,FY,-49594000,234942000,274925000,8353000,-0.21109039677877944,-8.542247327675396
SRTS,2018-12-31,FY,-2022761,26460016,33251229,26427190,-0.07644594772731808,-52.90148338187076
HTBK,2018-12-31,FY,35331000,367466000,3096562000,129845000,0.09614767080491801,13.227513049527486
NHC,2018-12-31,FY,58699000,733278000,1080948000,980349000,0.08005013105534327,8.986619918429176
BNET,2018-12-31,Q2,-1441897,-14127322,46640,0,0.40825770092873936,-30.434783923227837
BMNM,2018-12-31,FY,-26778161,28954621,259399676,17759008,-0.9248320328558264,-42.99065566331555
CUII,2017-12-31,FY,10177865,21007718,59273243,72848444,0.48448217935903365,-38.65030507340123
CATO,2019-02-02,CY,30461000,316836000,497906000,829664000,0.38456488530343774,8.30520230290769
ENZN,2018-12-31,FY,5849000,14993000,15510000,6918000,0.39011538718068434,-12.000000476837158
VXRT,2018-12-31,FY,-18007000,11238000,35227000,4159000,-1.6023313756896245,-80.85106302030812
COHR,2018-12-29,Q1,35550000,1317483000,2253612000,383146000,0.10793308148947653,3.23474820294378
MOV,2019-01-31,FY,61571000,496655000,759701000,679567000,0.1239713684549637,-42.94209982184946
USB,2018-12-31,FY,7124000000,51029000000,467374000000,16173000000,0.13960689019969036,29.474829718010405
FKWL,2018-12-31,Q2,-429692,15774403,24931703,22514692,-0.10895930578165146,-7.488990208033341
ISBA,2018-12-31,FY,14021000,195519000,1837307000,63864000,0.07171170065313345,7.757092382213399
RGLS,2018-12-31,FY,-48709000,-5854000,27927000,72000,8.320635462931328,-13.978496387881693
NROM,2018-12-31,FY,-3062209,8145336,15676952,12447947,-0.37594630841502424,17.499997951090364
FCX,2018-12-31,FY,2894000000,9798000000,42216000000,18628000000,0.2953664013063891,26.188163912465832
VEEV,2019-01-31,FY,229832000,1237749000,1653766000,862210000,0.18568546611631276,37.76820407434581
SYK,2018-12-31,FY,3553000000,11730000000,27229000000,13601000000,0.30289855072463767,33.161081803852674
HFWA,2018-12-31,FY,53057000,760723000,5316927000,199359000,0.06974549211736729,-4.979810149495191
CENT,2018-12-29,Q1,1639000,956263000,1950846000,461990000,0.006855854508644588,-8.82438823320633
COLM,2018-12-31,FY,274948000,1673857000,2368721000,2802326000,0.16426014886576332,18.789396765187387
VTNR,2018-12-31,FY,-1983579,27370831,84160408,180720661,-0.07247054355054108,48.039217519558505
ANDR,2018-12-31,FY,-945108,-432129,1519008,1464534,2.1870969085620264,-66.66666666666666
CRK,2018-12-31,FY,64122000,569571000,2187840000,223621000,0.11257946770464086,70.19866845598135
ALTX,2018-12-31,Q1,-2000,1296000,2377000,22000,-0.006172839506172839,7.999996026357173
BY,2018-12-31,FY,41193000,650672000,4942574000,206951000,0.06330839501315563,16.26651270493408
VIAV,2018-12-29,Q2,-2300000,710100000,1798200000,575400000,-0.012955921701168849,50.447757200027446
CELH,2018-12-31,FY,-11206648,11802982,34627507,52603986,-0.9494759883561629,39.76944448967754
MCS,2018-12-27,FY,53465000,490009000,989331000,707120000,0.10911024083231124,-15.34666347702093
QCRH,2018-12-31,FY,43119699,473138403,4949710195,182879242,0.09113548747384177,37.36366974588458
YELP,2018-12-31,FY,55350000,1075518000,1175563000,942773000,0.05146357383140031,-1.1717628686609278
SAIC,2019-02-01,FY,137000000,1485000000,4563000000,4659000000,0.09225589225589226,29.818068112290785
PRLB,2018-12-31,FY,76588000,541497000,618985000,445596000,0.14143753335660217,-10.293466190364452
ULH,2018-12-31,FY,52178000,209299000,843147000,1461708000,0.2492988499706162,4.477608950304553
GPK,2018-12-31,FY,221100000,1579500000,7059200000,6023000000,0.13998100664767332,56.20301036609888
PYPL,2018-12-31,FY,2057000000,15386000000,43332000000,15451000000,0.13369296763291305,28.398151888195837
CDE,2018-12-31,Q4,-48405000,852512000,1712500000,625904000,-0.22711703764873692,80.0894981784713
HRTG,2018-12-31,FY,27155000,425333000,1768713000,480171000,0.0638440939217037,-9.57880313745887
HRB,2019-01-31,Q3,-455400000,-213591000,2568806000,762438000,8.528449232411479,-0.5086936772242199
LKQ,2018-12-31,FY,483168000,4782298000,11393402000,11876674000,0.10103259980871121,50.44248399330169
MPC,2018-12-31,FY,3606000000,35175000000,92940000000,95750000000,0.10251599147121535,1.1184542724707558
MEI,2019-01-26,Q3,69000000,674100000,1226200000,734300000,0.40943480195816645,45.0622176102419
BGFV,2018-12-30,FY,-3531000,174861000,419561000,987581000,-0.020193182013141867,16.60231973000338
WTFC,2018-12-31,FY,343166000,3267570000,31244849000,1170810000,0.10502177459090395,6.3769072482922216
DECK,2018-12-31,Q3,240339000,1017881000,1542451000,1626307000,0.9444679682595509,31.973430744713593
XSNX,2018-09-30,FY,-3969406,-4637683,154181,665017,0.8559028290635647,-39.99999761581421
UPLD,2018-12-31,FY,-10839000,87307000,483198000,149885000,-0.12414812099831629,33.22295319318789
SPWR,2018-12-30,FY,-917496000,-208696000,2352649000,1726085000,4.396327672787212,60.36215471772388
CHCO,2018-12-31,FY,70002000,600764000,4899012000,163901000,0.11652162912558009,21.92633248584854
TFC,2018-12-31,FY,-790362,-565933,7920,0,1.3965646110051897,30.240070559571713
RM,2018-12-31,FY,35345000,279161000,956395000,306706000,0.12661152524887073,23.53430364642244
LAZ,2018-12-31,FY,532449000,916851000,4997241000,2884833000,0.5807366736798019,7.017068987523946
CEI,2018-12-31,Q3,18130185,7627658,10107938,2632099,9.507602464609715,-99.86823529411765
ASPS,2018-12-31,FY,-2699000,295431000,741700000,838202000,-0.009135804976458124,-14.050688659722471
FMC,2018-12-31,FY,511500000,3121100000,9974300000,4727800000,0.16388452789080774,54.679100339617015
SNDX,2018-12-31,FY,-73961000,53047000,83938000,1517000,-1.3942541519784342,98.87642159093028
AEL,2018-12-31,FY,458016000,2399101000,61625564000,1547098000,0.19091151227063805,6.334998269801353
MS,2018-12-31,FY,8883000000,80246000000,853531000000,13892000000,0.11069710639782668,28.524582908809975
SBCF,2018-12-31,FY,67275000,864267000,6747659000,241398000,0.07784052844780606,17.486545568845095
VRTX,2018-12-31,FY,2087103000,4435203000,6245898000,3047597000,0.470576656806915,32.140481774767174
ENB,2018-12-31,FY,3333000000,69470000000,166905000000,46378000000,0.04797754426371095,27.252250109865862
GBX,2018-11-30,Q1,23382000,1257631000,2515124000,604523000,0.07436839581721506,-42.4657544930715
BLKB,2018-12-31,Q4,44841000,373783000,1615305000,848606000,0.4798613099044098,25.548488561184772
NL,2018-12-31,FY,-39013000,284115000,547242000,118217000,-0.1373141157629833,15.669514353579645
APH,2018-12-31,FY,1216900000,4017000000,10044900000,8202000000,0.30293751555887477,33.6460173607812
PINC,2018-12-31,Q2,186784000,-890631000,2644851000,823403000,-0.8388838924313211,0.6961235524831892
SASR,2018-12-31,FY,100864000,1067903000,8243272000,324082000,0.09445052593728082,21.282699861105584
PTEN,2018-12-31,FY,-321421000,3505423000,5469866000,3326997000,-0.09169250044859066,1.5458921885507118
ZDPY,2018-12-31,FY,-2027278,5923213,8231216,1236930,-0.342259851199003,-13.025211136301168
GAIA,2018-12-31,FY,-33793000,81465000,107151000,43843000,-0.4148161787270607,-19.980692697128216
FDBC,2018-12-31,FY,11006000,93557000,981102000,35330000,0.11763951387923939,-1.9164841638948
CLEV,2019-01-31,Q2,-25523,-291784,25938,625,0.34988895895594,6.837610756387045
ALL,2018-12-31,FY,365000000,6692000000,40142000000,2847000000,0.0545427375971309,35.265642452194406
EEFT,2018-12-31,FY,232131000,1232673000,3321155000,2536629000,0.1883151492731649,54.073070643589894
NFLX,2018-12-31,FY,1211242000,5238765000,25974400000,15794341000,0.231207546053316,20.791299833775774
WRK,2018-12-31,Q1,139800000,11603700000,30666900000,4327400000,0.04819152511698855,12.817797584031693
CHE,2018-12-31,FY,205544000,591334000,975529000,1782648000,0.3475937456665776,55.74343559113642
UCTT,2018-12-28,FY,36949000,436298000,965477000,1096523000,0.08468753008264993,185.0182644312355
APAM,2018-12-31,FY,254190000,135044000,805014000,828635000,1.8822754065341667,45.49976155986089
AIRG,2018-12-31,FY,-2584320,45147332,52907112,60625212,-0.057241920740742774,5.852673386846877
ENTA,2018-12-31,Q1,26011000,426835000,454216000,69886000,0.2437569552637436,-13.115912290509414
EPR,2018-12-31,FY,266983000,2865023000,6131390000,700731000,0.0931870354967482,9.495552002135229
CWI,2018-12-31,FY,15744000,703611000,2280144000,613887000,0.022376000375207324,17.60842437514528
ELF,2018-12-31,FY,15525000,229331000,435856000,267435000,0.06769690970693015,81.52425570453627
INO,2018-12-31,FY,-96967830,86936138,131113265,30481897,-1.1153915072693936,-15.000001589457193
TCNT,2018-05-31,Q1,-1715,-27098,49940,0,0.2531552144069673,-15.000004967053535
ESSA,2018-12-31,Q1,3009000,184775000,1862878000,16869000,0.06513868218103099,7.3030132504526595
CMCSA,2018-12-31,FY,11862000000,71613000000,251684000000,94507000000,0.16564031670227472,32.68722853891042
FATE,2018-12-31,FY,-66598000,160469000,213032000,4740000,-0.41502096978232556,50.896342365365044
BASA,2018-12-31,FY,-5909409,-2262767,510177,87836,2.611585284742088,193.33332008785723
NTRR,2018-10-31,Q3,-1983748,-871821,110929,2006,9.101629807036078,-98.77375852094448
KBR,2018-12-31,FY,310000000,1718000000,5072000000,4913000000,0.18044237485448195,101.38339315053277
BRID,2019-01-25,Q1,1876000,67556000,107683000,45041000,0.11107821659068032,-16.127883018478517
CIA,2018-12-31,FY,-11062000,187733000,1615561000,244006000,-0.05892411030559358,-10.771275862154239
TIPT,2018-12-31,FY,29883000,387101000,1864918000,625826000,0.07719690726709567,44.72271792054648
SIGI,2018-12-31,FY,178939000,1791802000,7952729000,2586080000,0.09986538691216998,6.3505070874560365
GERN,2018-12-31,FY,-27017000,177733000,185284000,1066000,-0.15200891224477164,35.00000238418579
MESA,2018-12-31,Q1,19081000,395159000,1443962000,178156000,0.1931475684471314,16.083006030907708
CMS,2018-12-31,FY,659000000,4755000000,24529000000,6873000000,0.13859095688748685,26.06243349250314
AMBC,2018-12-31,FY,267399000,1591997000,14588711000,510661000,0.16796451249594063,25.290027077934113
ICHR,2018-12-28,FY,57883000,198326000,485489000,823611000,0.2918578502062261,112.35884168892257
SBSI,2018-12-31,FY,74138000,731291000,6123494000,229165000,0.10137961495492219,17.228350301427163
AMTX,2018-12-31,FY,-36287000,-110842000,91821000,171526000,0.32737590444055503,38.38549967251814
MEDP,2018-12-31,FY,73185000,589703000,967933000,704589000,0.12410484599874852,57.283203325164855
FLT,2018-12-31,FY,811483000,3340180000,11202477000,2433492000,0.24294588914369883,54.135261621845274
PFE,2018-12-31,FY,11188000000,63407000000,159000000000,53647000000,0.17644739539798446,-10.859107896646227
NSTG,2018-12-31,FY,-77400000,36869000,147558000,106732000,-2.099324635872956,85.90694427956818
IBCP,2018-12-31,FY,39839000,338994000,3353281000,130773000,0.11752125406349374,7.849664998084485
FSTJ,2018-12-31,Q2,-11075,-155814,1219,0,0.2843133479661648,33.166663841654795
GRPN,2018-12-31,FY,1988000,381248000,1642142000,2636746000,0.005214453584018801,-26.249998807907104
FFWM,2018-12-31,FY,42958000,559184000,5840412000,207306000,0.07682265586998198,35.692077984457484
POWL,2018-12-31,Q1,-2695000,292358000,410022000,109351000,-0.03687260139965385,95.961606849311
ENSV,2018-12-31,FY,-5865000,4602000,49021000,46919000,-1.274445893089961,-50.54054430229448
IEX,2018-12-31,FY,410573000,1994640000,3473857000,2483666000,0.2058381462319015,36.48819809547934
EBAY,2018-12-31,FY,2530000000,6281000000,22819000000,10746000000,0.4028021015761821,27.538295782958812
APYP,2018-12-31,Q2,189479,-1536095,2864,197,-0.4934043792864374,0.0
MHH,2018-12-31,FY,6691000,34276000,92584000,177164000,0.19520947601820515,70.15872924566332
BOTJ,2018-12-31,FY,5302000,55143000,674897000,26971000,0.09615000997406742,22.30768684522648
NAVB,2018-12-31,FY,-16114316,1742139,7021527,1169351,-9.24973036020662,-39.605454989289164
HAIN,2018-12-31,Q2,-103926000,1590943000,2803491000,1144989000,-0.2612940878460133,60.97100403086754
CHMG,2018-12-31,FY,19626000,165029000,1755343000,64553000,0.11892455265438195,1.2345637970928331
VSAT,2018-12-31,Q3,-71832000,1880564000,3629716000,1511037000,-0.1527882060913641,23.782867305029338
UEIC,2018-12-31,FY,11924000,262960000,555596000,680241000,0.045345299665348344,106.09176051820126
TDW,2018-12-31,FY,-171771000,1143836000,1827739000,406520000,-0.15017100353547186,0.7841167405095443
CTO,2018-12-31,FY,37167790,211761473,556329872,86689000,0.1755172434033834,12.514289240049997
BENH,2018-12-31,FY,-88385,-61575,11640,0,1.4354039788875355,5.985031357095123
PETS,2018-12-31,Q3,31121000,132858000,156917000,218854000,0.9369702991163498,0.0
SRCE,2018-12-31,FY,82414000,762082000,6293745000,257316000,0.10814321818386997,28.755573699166014
SMP,2018-12-31,FY,43003000,467201000,843132000,1092051000,0.0920438954539909,10.117698730130375
SBH,2018-12-31,Q1,65727000,-214731000,2144614000,989453000,-1.224359780376378,6.334310686410616
CRUS,2018-12-29,Q3,83834000,1129801000,1396865000,945083000,0.29680979216693915,151.23568367583212
YETI,2018-12-29,FY,57763000,28971000,514213000,778833000,1.993821407614511,135.7142802059628
JJSF,2018-12-29,Q1,17526000,768545000,933984000,271612000,0.09121651952715847,29.075323058089776
ANGO,2018-11-30,Q2,1671000,549563000,783960000,176843000,0.012162390845089644,-28.478361799631823
CHEF,2018-12-28,FY,20402000,308676000,732398000,1444609000,0.06609519366585027,21.19374820672396
UHS,2018-12-31,FY,797883000,5389262000,11265480000,10772278000,0.14805051229648883,22.383319221309524
SITE,2018-12-30,FY,73900000,301800000,1168500000,2112300000,0.24486414844267726,63.66925698435726
CNOB,2018-12-31,FY,60352000,613927000,5462092000,216133000,0.09830484731898093,39.090424954606235
SIEB,2018-12-31,FY,11962000,17174000,18177000,106000,0.6965179923139629,-41.97786776494421
AROC,2018-12-31,FY,29160000,841574000,2552515000,904441000,0.034649359414620697,31.241658532635142
NRC,2018-12-31,FY,30047000,19083000,108032000,119686000,1.5745427867735682,72.33876352597255
KBH,2018-11-30,FY,170365000,2087500000,5073571000,4547002000,0.0816119760479042,63.808625444084235
AIG,2018-12-31,FY,61000000,57309000000,491984000000,47389000000,0.001064405241759584,29.408779998635186
RGNX,2018-12-31,FY,99937000,508848000,543814000,218505000,0.1963985315850706,-3.194279209100058
HRGG,2018-12-31,FY,418000,24117000,119421000,5108000,0.017332172326574614,0.0
FLL,2018-12-31,FY,-4371000,59745000,182272000,163876000,-0.07316093396936982,62.37623774062278
ATSG,2018-12-31,FY,69285000,436438000,2470585000,892345000,0.15875107117162118,2.2358625200466027
CNBX,2018-11-30,Q1,-655975,9070635,9483374,3305,-0.28927412468917557,-66.66666666666666
PIXY,2018-11-30,Q1,-2000186,-8245252,14043710,10519990,0.970345600110221,-90.7942238267148
MANH,2018-12-31,FY,104690000,147147000,307150000,559157000,0.7114654053429563,87.5383551748841
ZUMZ,2019-02-02,FY,45205000,400456000,534190000,978617000,0.11288381245380266,24.929856205029193
LPSN,2018-12-31,FY,-25032000,170729000,290103000,249838000,-0.14661832494772417,97.18980606128272
INIS,2018-12-31,FY,-663946,-1603741,12990076,10368823,0.4139982702942682,-16.666663562258016
RPM,2018-11-30,Q2,119359000,1532507000,5238953000,2822520000,0.3115391968845819,11.796826032906695
AMPY,2018-12-31,FY,54609000,416558000,836843000,340144000,0.13109578978197514,-11.984022209563005
NCSM,2018-12-31,FY,-185231000,161301000,229701000,226963000,-1.148356178820962,-59.135562645346326
ASH,2018-12-31,Q1,-48000000,3305000000,7943000000,576000000,-0.05809379727685325,7.483085720269794
CCK,2018-12-31,FY,528000000,937000000,15262000000,11151000000,0.5635005336179295,74.90978979613898
DTGI,2018-07-31,FY,-3163000,-793000,4559000,2001000,3.9886506935687263,-70.67669141342442
REMI,2018-12-31,Q3,-442064,2825582,5126210,1199814,-0.6258024010628607,-26.08695708511005
NDAQ,2018-12-31,FY,458000000,5449000000,15700000000,4277000000,0.08405211965498256,31.200189458149552
RVNC,2018-12-31,FY,-142568000,145622000,226348000,3729000,-0.979027894136875,-20.069543848032914
BR,2018-12-31,Q2,126600000,1122600000,3357600000,1926200000,0.4510956707642972,27.574026925223215
TZOO,2018-12-31,FY,4661000,14059000,43424000,111322000,0.3315314033715058,11.902340644707127
QDEL,2018-12-31,FY,74183000,425584000,806371000,522285000,0.17430871461333133,50.65547626284687
WIRE,2018-12-31,FY,78150000,720456000,818060000,1288683000,0.10847296712082348,14.806696412892247
POWI,2018-12-31,FY,69984000,527072000,588697000,415955000,0.1327788233865582,62.184326448507434
IAC,2018-12-31,FY,757747000,2843125000,6874585000,4262892000,0.2665190591338756,36.62042082352473
TFSL,2018-12-31,Q1,20333000,1743780000,14238678000,118288000,0.046641204739129936,21.45072022221263
LARK,2018-12-31,FY,10426000,91901000,985784000,33153000,0.11344816704932481,13.372841840123503
RICK,2018-12-31,Q1,6404000,159133000,349522000,44023000,0.16097226847982504,-9.001344539853635
EXP,2018-12-31,Q3,196657000,1420337000,2355416000,1108540000,0.5538319427009224,46.763889048624605
BGSF,2018-12-30,FY,17549541,65702013,100268803,286862926,0.26710811737229423,2.5181620695869147
DYAI,2018-12-31,FY,-5691756,42451169,43300807,1295451,-0.13407772115769062,174.07406706588532
ICE,2018-12-31,FY,2020000000,17201000000,92791000000,6276000000,0.11743503284692751,22.713394656122244
CLSD,2018-12-31,FY,-82818000,23620000,44120000,30000,-3.5062658763759527,191.58876005744773
HAFC,2018-12-31,FY,57868000,552568000,5502219000,234397000,0.1047255722372631,1.6751264514002746
PBSV,2019-01-31,Q1,471020,20685771,25282818,4566197,0.09108096575177207,-18.627451094972404
NOG,2018-12-31,FY,143689235,429864883,1503645305,678924496,0.3342660465707314,1.7699097866309885
CYAN,2018-12-31,Q3,-2123000,16253000,29683000,24143000,-0.5224881560327325,-23.509935186461487
VTR,2018-12-31,FY,415981000,10215857000,22584555000,3745810000,0.04071914867250002,-1.041134338219692
BWB,2018-12-31,FY,26920000,220998000,1973741000,85226000,0.12181105711363904,30.616108851570946
FLEX,2018-12-31,Q3,157751000,3078328000,13975085000,20079387000,0.20498270489694406,65.83442397038422
VBTX,2018-12-31,FY,39341000,530638000,3208550000,144234000,0.07413905525047207,36.52947464854335
NVT,2018-12-31,FY,230800000,2687100000,4552700000,2213600000,0.08589185367124409,14.024940580058201
BWXT,2018-12-31,FY,227305000,235662000,1655096000,1799889000,0.964538194532848,63.9026957826291
HALO,2018-12-31,FY,-80330000,248887000,440248000,28234000,-0.3227569137801492,21.872862503305758
BLDR,2018-12-31,FY,205191000,596338000,2932309000,7724771000,0.34408506585191617,133.08891531476849
ICGL,2018-12-31,FY,-231598,-642430,0,0,0.3605030898307987,-95.40909084874737
FORR,2018-12-31,FY,15380000,151600000,353524000,357575000,0.10145118733509235,-6.465322908997624
UFPT,2018-12-31,FY,14311000,140457000,189598000,190455000,0.101888834305161,62.64979734103926
FNF,2018-12-31,FY,635000000,4630000000,9301000000,7594000000,0.13714902807775378,43.51146011051741
DSKE,2018-12-31,FY,-5187000,446998000,1390868000,1613082000,-0.01160407876545309,-19.293478947477876
BRO,2018-12-31,FY,344255000,3000568000,6688668000,2014246000,0.11472994446384818,42.81567987325682
HLT,2018-12-31,FY,769000000,551000000,13995000000,8906000000,1.3956442831215972,55.11141784534431
WOW,2018-12-31,FY,-90600000,-290300000,2419600000,1153800000,0.31209094040647606,-1.5427788464072092
RMCF,2018-11-30,Q3,1853120,20582976,27567159,25115920,0.360126737746767,7.361968215379222
HEAR,2018-09-30,Q3,14576000,12458000,119523000,176118000,4.680044951035479,-42.242706930960914
TPB,2018-12-31,FY,25289000,82623000,339377000,332683000,0.30607700035099183,1.4695133577121737
APYX,2018-12-31,FY,-9494000,87768000,95610000,16686000,-0.10817154315923799,28.593507954005187
PHIO,2018-12-31,FY,-7360000,13578000,15322000,138000,-0.5420533215495654,-50.30303198019356
BL,2018-12-31,FY,-27866000,321569000,493868000,227788000,-0.08665636302006724,25.958488083193377
IEHC,2018-12-28,Q3,3994469,21093487,23884847,21619017,0.7574791213989418,63.763061848735155
WELL,2018-12-31,FY,829750000,14632334000,30342072000,4700499000,0.05670660606845087,16.712286215385237
OFIX,2018-12-31,FY,13811000,335397000,466641000,453042000,0.0411780665897429,-12.630978960008472
HOLX,2018-12-29,Q1,98600000,2394400000,6931500000,830700000,0.16471767457400602,27.396599888733352
FTK,2018-12-31,FY,-70698000,201624000,285883000,177773000,-0.3506427806213546,84.40367721653088
DWSN,2018-12-31,FY,-24407000,117016000,150685000,154156000,-0.20857831407670746,-26.035505462888953
PRPH,2018-12-31,FY,-1740000,16504000,20737000,13126000,-0.1054289869122637,-35.238098409801104
STWD,2018-12-31,FY,411197000,4603432000,68262453000,1109280000,0.08932400869612063,25.87519339606391
SYRS,2018-12-31,FY,-62279000,78586000,106766000,2050000,-0.7924948464103021,25.85277830150915
MMMM,2018-12-31,Q1,-300797,-188240,41671,0,6.3917764555886105,-88.94736892298648
SNDR,2018-12-31,FY,268900000,2132300000,3624500000,4977000000,0.126107958542419,15.050880848738469
FLIC,2018-12-31,FY,41573000,388187000,4241060000,138237000,0.10709529170219508,25.714280524221607
LEDS,2018-11-30,Q1,-983000,4201000,13213000,972000,-0.9359676267555344,-38.337803202274706
SMME,2018-12-31,Q2,-420116,-1680740,19490,0,0.9998357866177993,-55.84989004225779
GPMT,2018-12-31,FY,63075000,827531000,3361881000,183880000,0.0762207095565,2.0521293277532546
LSMG,2018-12-31,FY,-332606,-1082865,238667,0,0.30715370798760694,236.45453960491602
GDSI,2016-03-31,Q1,-50151,-1082128,31304,13079,0.18537917880324695,-68.2500013096723
CWST,2018-12-31,FY,6420000,-15832000,732410000,660660000,-0.4055078322385043,61.42506861333611
VBFC,2018-12-31,FY,3037000,37133000,514866000,21068000,0.081787089650715,24.203608365273855
CECO,2018-12-31,FY,55181000,355203000,482493000,581296000,0.15535060233162445,13.48147922092014
INTC,2018-12-29,FY,21053000000,74563000000,127963000000,70848000000,0.28235183670184943,28.020459067477628
ONB,2018-12-31,FY,190830000,2689570000,19728435000,632045000,0.07095186219358485,18.896103373344307
HE,2018-12-31,FY,203664000,2162280000,13104051000,2860849000,0.09418946667406626,27.799018574826146
CRL,2018-12-29,FY,228724000,1317332000,3855879000,2266096000,0.17362669395414368,34.23749095787325
WOR,2018-11-30,Q2,37792000,868672000,2562437000,958226000,0.17402195535253812,-7.532594410914212
STZ,2018-11-30,Q3,2196400000,11256700000,27890400000,6916300000,0.7804774045679462,-4.955045576435927
SCND,2018-12-31,Q2,260500,5907100,7558700,4201800,0.1763978940596909,106.5217327925119
UNF,2018-11-24,Q1,38320000,1539498000,1907158000,438550000,0.09956492311129991,40.459841649448066
FE,2018-12-31,FY,1348000000,6814000000,40063000000,11261000000,0.19782800117405341,29.134494443900937
PGTK,2018-12-31,Q3,-10117893,11083953,23686101,0,-3.651366258951116,18.000001907348633
EOG,2018-12-31,FY,3419040000,19364188000,33934474000,17275399000,0.17656511081177273,-5.526888826309365
XPO,2018-12-31,FY,444000000,3575000000,12270000000,17279000000,0.1241958041958042,38.867460332193225
ILMN,2018-12-30,FY,782000000,3758000000,6959000000,3333000000,0.2080894092602448,10.789189697384217
SLCA,2018-12-31,FY,-200821000,1044820000,2900840000,1577298000,-0.19220631304913766,-39.98035412230863
BYFC,2018-12-31,FY,815000,48436000,409397000,15237000,0.016826327524981418,35.23809729249579
CPIX,2018-12-31,FY,-7038772,55844767,112693868,40741765,-0.12604174711660987,-20.39800955682851
FCBC,2018-12-31,FY,36340000,332857000,2244374000,98294000,0.10917601252189378,-1.3659476220730409
AQST,2018-12-31,FY,-61376000,10080000,86851000,67430000,-6.088888888888889,-14.761909159042444
KALU,2018-12-31,FY,91700000.0,740400000.0,1419300000.0,1585900000.0,0.12385197190707725,25.321984968665994
PKG,2018-12-31,FY,738000000,2672400000,6569700000,7014600000,0.2761562640323305,33.86053492239747
PPCB,2018-12-31,Q2,-3574974,-3904036,712597,0,3.662849420445918,-98.49740932642487
FLR,2018-12-31,FY,292958000,2963181000,8913637000,19166600000,0.0988660496945681,-42.608698433616624
FRHC,2018-12-31,Q3,4276000,111443000,295361000,51779000,0.1534775625207505,76.99757240246717
RSRV,2018-12-31,FY,2313692,33583413,37968911,8327498,0.06889389115990087,5.271168057163909
CTSH,2018-12-31,FY,2101000000,11424000000,15913000000,16125000000,0.18391106442577032,-2.8827946275264784
TPL,2018-12-31,FY,209736000,244691000,285075000,300220000,0.8571463601031505,45.549548538403926
NYMT,2018-12-31,FY,102886000,1179389000,14737638000,455799000,0.08723669628934982,5.602715300279909
PEN,2018-12-31,FY,2910000,422240000,515006000,444938000,0.006891815081470254,33.80523616223215
NVR,2018-12-31,FY,797197000,1808562000,3165933000,7163674000,0.4407905286078111,56.8738491056472
CPF,2018-12-31,FY,59486000,491725000,5807026000,198294000,0.12097412171437287,22.053383358348192
ZYXI,2018-12-31,FY,9552000,9387000,16184000,31917000,1.0175775007989774,170.74832541348394
SENS,2018-12-31,FY,-93971000,71261000,159973000,18913000,-1.3186876412062698,-64.78764360232259
ZBRA,2018-12-31,FY,421000000,1335000000,4339000000,4218000000,0.3153558052434457,59.586765954049994
ESIO,2018-12-29,Q3,54319000,324379000,408152000,264483000,0.669821412606858,0.1001358062826385
ABT,2018-12-31,FY,2368000000,30524000000,67173000000,30578000000,0.07757829904337571,20.005531390005398
PPG,2018-12-31,FY,1358000000,4630000000,16015000000,15374000000,0.29330453563714903,30.02053585468284
SGC,2018-12-31,FY,16975000,150921000,335086000,346350000,0.11247606363594198,-23.852691949789072
MVIS,2018-12-31,FY,-27250000,4117000,23033000,17607000,-6.618897255282973,16.666660043928623
TXRH,2018-12-25,FY,164294000,945569000,1469276000,2457449000,0.1737514660484851,-5.287237791271473
FSFG,2018-12-31,Q1,3104000,102968000,1073989000,11801000,0.12058115142568565,28.78321257069795
LPTH,2018-12-31,Q2,-566615,35239586,46401690,17098228,-0.0643157385560659,-55.033556214700255
ORI,2018-12-31,FY,370500000,5146200000,19327100000,6021800000,0.0719948700011659,8.458919771184922
IRM,2018-12-31,FY,364549000,1884180000,11852247000,4225761000,0.1934788608307062,-2.2215344546259943
RDN,2018-12-31,FY,606011000,3488715000,6314652000,1273006000,0.17370607802586338,53.484105584101016
GRC,2018-12-31,FY,39979000,293132000,368282000,414334000,0.13638565560907714,16.3529751990534
CCBG,2018-12-31,FY,26224000,302587000,2959183000,99395000,0.08666598366750719,31.71047350568556
PLXS,2018-12-29,Q1,22226000,905163000,1969683000,765544000,0.09821877385620048,50.626467665139494
ESQ,2018-12-31,FY,8734000,92774000,663899000,28951000,0.09414275551339815,21.658980139842928
CAC,2018-12-31,FY,53071000,435825000,4297435000,151377000,0.12177135318074915,28.579367335078242
KAMN,2018-12-31,FY,54169000,633157000,1460313000,1875425000,0.08555381998461677,18.02459755420029
COR,2018-12-31,FY,106763000,242555000,1853667000,544392000,0.4401599637195688,12.419351712722127
DOCU,2019-01-31,FY,-426458000,614362000,1615417000,700969000,-0.6941477500236017,59.97977631911574
OTEX,2018-12-31,Q2,140829000,3784860000,7729403000,1402388000,0.14883403877554255,34.417183269532714
BCBP,2018-12-31,FY,16763000,200215000,2674731000,105097000,0.08372499562969807,32.66475634259442
NBHC,2018-12-31,FY,61451000,695006000,5676666000,221391000,0.08841794171561108,14.350496525406506
B,2018-12-31,FY,166186000,1203056000,2808970000,1495900000,0.13813654559721245,16.29989155644987
HDSN,2018-12-31,FY,-55659000,69213000,228341000,166525000,-0.8041697368991374,11.235957915637593
ATLC,2018-12-31,FY,7612000,-21791000,582608000,161168000,-0.3493185259969712,133.79120834134886
LYTS,2018-12-31,Q2,-14033000,124325000,225078000,174498000,-0.4514940679670219,89.58990802006987
MSI,2018-12-31,FY,969000000,-1293000000,9409000000,7343000000,-0.7494199535962877,39.916555487563336
KMT,2018-12-31,Q2,114670000,1269740000,2531108000,1174080000,0.3612393088348796,11.29808375644991
DLTR,2019-02-02,FY,-1590800000,5642900000,13501200000,22823300000,-0.28191178294848396,-11.639944300929827
OSBC,2018-12-31,FY,34012000,229081000,2676003000,107617000,0.14847150134668524,4.307695535513071
DBMM,2018-11-30,Q1,-80797,-3863172,145076,122644,0.08365871361668598,2233.333294528228
HP,2018-12-31,Q1,18959000,4326238000,6144341000,740598000,0.017529317619603916,-5.006253191347655
CTS,2018-12-31,FY,46532000,377929000,548341000,470483000,0.12312365550143016,15.295485072141835
ADVM,2018-12-31,FY,-72627000,201167000,213495000,1612000,-0.361028399290142,256.1904665023561
NGVT,2018-12-31,FY,181800000,338700000,1315200000,1133600000,0.5367581930912312,3.202294452138564
ENVA,2018-12-31,FY,70098000,347768000,1328185000,1114074000,0.20156541142370776,19.938341473053455
ALSN,2018-12-31,FY,639000000,659000000,4237000000,2713000000,0.9696509863429439,10.225465028625868
WD,2018-12-31,FY,160942000,902124000,2782057000,725246000,0.17840341239120122,50.635841678332724
ASPN,2018-12-31,FY,-34440000,70254000,99023000,104361000,-0.4902211973695448,265.72767808971435
MCRI,2018-12-31,FY,34098000,301182000,455127000,240315000,0.11321393708787378,26.192978076392365
PWCO,2018-12-31,FY,-328280,84667,705481,1109642,-3.8773075696552377,-17.272728504228205
FUL,2018-12-01,FY,171232000,1151767000,4175271000,3041002000,0.14866895821811182,3.9166688919067383
PAHC,2018-12-31,Q2,31062000,205224000,697292000,418376000,0.6054262659338089,-23.227609915413595
GOOD,2018-12-31,FY,12324000,249744000,938775000,106798000,0.04934653084758793,20.424106204407103
COSG,2018-12-31,FY,5800,-101813,149973,733153,-0.05696718493709055,0.0
LC,2018-12-31,FY,-128308000,869201000,3819527000,530587000,-0.14761602897373566,-5.703422218683111
ALB,2018-12-31,FY,739139000,3585321000,7581674000,3374950000,0.2061569940320546,-6.669260944597648
AL,2018-12-31,FY,510835000,4806900000,18481808000,48502000,0.1062711934926876,57.530624279456575
SIX,2018-12-31,FY,316003000,-643093000,2517328000,1463707000,-0.4913799403818732,-18.42530973071447
CI,2018-12-31,FY,2646000000,41028000000,153226000000,48650000000,0.06449254167885346,6.8713159106862705
CPRX,2018-12-31,FY,-34003514,50783809,60449962,500000,-0.6695739187267343,91.14584157941881
AA,2018-12-31,FY,871000000,5389000000,15938000000,13403000000,0.16162553349415476,-19.71406992535292
JBSS,2018-12-27,Q2,17870000,233373000,411429000,457605000,0.30629078770894663,61.98303032852781
ATRC,2018-12-31,FY,-21137000,249381000,356759000,201630000,-0.08475786046250516,5.6535994379679435
JSDA,2018-12-31,FY,-2079000,-703000,4068000,12558000,2.957325746799431,27.65957986461249
JOB,2018-12-31,Q1,-3452000,19870000,130905000,38543000,-0.6949169602415702,-42.857141032510846
SPGI,2018-12-31,FY,2121000000,628000000,9458000000,6258000000,3.377388535031847,60.02118308499417
ROP,2018-12-31,FY,944400000,7738500000,15249500000,5191200000,0.12203915487497577,33.415879194721555
JLL,2018-12-31,Q4,491700000,3691500000,10025500000,16318400000,0.532791548151158,37.45656111365056
RGBD,2018-12-31,FY,1079607,18245670,26267468,39987861,0.0591705867748348,4.705877865062041
CENX,2018-12-31,FY,-66200000,762200000,1537500000,1893200000,-0.08685384413539754,1.5047897999377828
PGR,2018-12-31,FY,2621000000,10821800000,46575000000,820500000,0.24219630745347354,19.874022045193634
HBNC,2018-12-31,FY,53117000,491992000,4246688000,166168000,0.10796313761199369,20.532324332190758
EXTR,2018-12-31,Q2,-1866000,115871000,711949000,492566000,-0.06441646313572852,20.491803599057487
OPGN,2018-12-31,FY,-13368098,3308741,8950363,2946307,-4.040237056934949,-95.48076923076924
ASRV,2018-12-31,FY,7768000,97977000,1160680000,47094000,0.07928391357155251,4.7146295407348475
PSCO,2018-12-31,FY,551700000,6298200000,17291500000,4086200000,0.08759645613032295,-48.33333229853048
WH,2018-12-31,FY,162000000,1418000000,4976000000,1868000000,0.11424541607898449,39.01256596790525
HSDT,2018-12-31,FY,-28623000,9854000,27827000,478000,-2.904708747716663,-89.19213973799127
NOC,2018-12-31,FY,3229000000,8187000000,37653000000,30095000000,0.39440576523757176,42.535735411968
INPX,2018-12-31,FY,-24561000,4785000,12178000,3756000,-5.132915360501568,-97.62068962177135
UFCS,2018-12-31,FY,27650000,888375000,2816698000,1070166000,0.031124243703391022,-21.47880916779405
JELD,2018-12-31,FY,144273000,767824000,3051055000,4346703000,0.18789852882952343,63.61717056710066
VBIV,2018-12-31,FY,-63600000,98133000,137605000,3355000,-0.6481000275136805,-20.62500317891439
BKSC,2018-12-31,FY,6922934,45462561,429135198,18136911,0.15227769504670008,3.7342138350550793
LIVE,2018-12-31,Q1,1530509,41006326,131809291,53195940,0.1492949161063588,18.898809830026707
ALRM,2018-12-31,FY,21524000,277589000,440985000,420494000,0.07753909556934893,-17.813761430578428
SBGI,2018-12-31,FY,345998000,1638836000,6572092000,3055081000,0.21112423695842658,24.905092389099696
SMG,2018-12-29,Q1,-79700000,248300000,3225200000,298100000,-1.283930728956907,73.69020759873307
CWCO,2018-12-31,FY,11293487,154971181,172515598,65719857,0.07287475598446914,41.16637478452358
HIG,2018-12-31,Q4,1807000000,13101000000,62307000000,18955000000,0.5517136096481184,36.53542763785453
CWBR,2018-12-31,FY,-15705865,17962618,23041164,0,-0.8743639151041346,-51.125405163358174
HL,2018-12-31,FY,-26563000,1690963000,2703944000,567137000,-0.0157088002516909,43.22035019851884
SXC,2018-12-31,FY,47000000,463100000,2045300000,1450900000,0.10148995897214425,-27.953219766154604
AIKO,2018-09-30,FY,-452765,-614216,6640,0,0.7371429594800526,-30.000001192092896
WDFC,2018-11-30,Q1,13279000,151968000,294500000,101282000,0.34952095177932196,10.550726303714557
HST,2018-12-31,FY,1151000000,7494000000,12090000000,5524000000,0.1535895382973045,11.757642924428833
ST,2018-12-31,FY,598995000,2608434000,6797687000,3521627000,0.22963778266960175,19.959858903842832
BXMT,2018-12-31,FY,285813000,3364124000,14467375000,756109000,0.0849591156568545,16.854986908380695
USFD,2018-12-29,FY,407000000,3229000000,9186000000,24175000000,0.12604521523691545,32.016438885992635
DIS,2018-12-29,Q1,2786000000,50316000000,99941000000,15303000000,0.221480244852532,32.92293476676423
IROQ,2018-12-31,Q2,1721000,78521000,664274000,13077000,0.08767081417709913,17.296219667398987
TROX,2018-12-31,FY,30000000,683000000,4642000000,1819000000,0.043923865300146414,45.50127750064769
OSUR,2018-12-31,FY,20396000,283378000,315571000,181743000,0.07197453577906542,-33.133563880827296
APLE,2018-12-31,FY,206086000,3409010000,4928672000,1270555000,0.060453328092320055,13.814861723245322
MAC,2018-12-31,FY,68972000,2950232000,9026808000,960351000,0.023378500402680195,-39.302215344955115
HSY,2018-12-31,FY,1171051000,1398721000,7703020000,7791069000,0.8372298692877279,36.98451847935732
TTGT,2018-12-31,FY,12955000,132585000,176463000,121333000,0.09771090243994418,111.79361613070196
RVP,2018-12-31,FY,-1339943,25613733,36792019,33274702,-0.052313460127034195,156.66665010982155
MTB,2018-12-31,FY,1918080000,15460191000,120097403000,4598711000,0.12406573760958063,18.367911960638658
TCMD,2018-12-31,FY,6623000,89270000,107071000,143751000,0.0741906575557298,47.66191715214378
MNTX,2018-12-31,FY,-13177000,88004000,217249000,242107000,-0.14973183037134677,1.760570149506083
NWL,2018-12-31,FY,-6917900000,5243000000,17716400000,8630900000,-1.3194545107762732,2.850998828914625
PBYI,2018-12-31,FY,-113575000,34306000,259122000,250991000,-3.3106453681571737,-58.67322019772504
BMRC,2018-12-31,FY,32622000,316407000,2520892000,95080000,0.10310138524116091,11.299708190471046
JBGS,2018-12-31,FY,46613000,2987148000,5997285000,644182000,0.015604516414988476,14.478589204242784
PMCB,2019-01-31,Q3,-2928284,5365695,5836938,0,-2.182967164551843,25.598084349614435
SFNC,2018-12-31,FY,215713000,2246434000,16543337000,680687000,0.09602463281805741,11.106508074535046
ADMA,2018-12-31,FY,-65743445,19770438,88876521,16985290,-3.3253408447501265,64.01673239470902
PCYO,2018-11-30,Q1,633972,70280714,71145419,3072549,0.03608227429220483,18.28571501232329
TOFB,2018-12-29,FY,507000,3750000,4890000,13066000,0.1352,1.092895106966884
FC,2018-11-30,Q1,-1357000,76860000,196324000,53829000,-0.07062190996617226,55.804132610081346
AUMN,2018-12-31,FY,-1945000,7637000,12644000,7217000,-0.2546811575225874,40.909090909090914
MELI,2018-12-31,FY,-36585000,336700000,2239519000,1439653000,-0.10865755865755866,99.36826478315326
STAA,2018-12-28,FY,4968000,132426000,167339000,123954000,0.0375152915590594,16.762635101572414
AEO,2019-02-02,FY,261902000,1287555000,1903378000,4035720000,0.2034103397524766,-32.39436556657122
CBKM,2018-12-31,Q2,3522000,46896000,517955000,9958000,0.30040941658137155,16.023731717893973
JCTCF,2018-11-30,Q1,349694,20829729,23652069,9066100,0.06715286598303799,8.743167369903745
INTV,2018-09-30,Q1,-1700222,-281368,1808501,115245,24.17079412015581,-88.59315589353612
DORM,2018-12-29,FY,133602000,727623000,887557000,973705000,0.18361431675469303,-16.562982213644922
PGC,2018-12-31,FY,44170000,469013000,4617858000,159686000,0.09417649404174298,23.312147977528735
XOM,2018-12-31,FY,21421000000,191794000000,346196000000,290212000000,0.11168753975619675,1.89177426212267
LNG,2018-12-31,FY,1200000000,-526000000,31987000000,7855000000,-2.2813688212927756,3.0579513689568962
CLPR,2018-12-31,FY,-9001000,65182000,1101008000,109997000,-0.138090270320027,-20.19892464644731
TRIP,2018-12-31,FY,113000000,1471000000,2167000000,1615000000,0.07681849082256968,-44.345566885315165
TRN,2018-12-31,FY,163100000,2210800000,7989200000,2509100000,0.07377419938483806,8.110733676143505
PRI,2018-12-31,FY,324094000,1461513000,12595048000,1899843000,0.2217523894758377,33.60966561763467
MBWM,2018-12-31,FY,42024000,375249000,3363907000,141981000,0.11198963887978382,28.910120347218438
OPTT,2019-01-31,Q3,-9741000,1449000,4577000,440000,-26.890269151138718,-87.03125045401976
EXPD,2018-12-31,FY,619790000,1986838000,3314559000,8138365000,0.31194792932287385,14.539582990651107
RCKT,2018-12-31,FY,-74518000,194037000,251313000,0,-0.3840401572895891,56.0054069859927
ATKR,2018-12-28,Q1,26949000,124155000,1344784000,452028000,0.8682372840401111,106.85974823773783
EVI,2018-12-31,Q2,2061000,72613000,144540000,104216000,0.11353338933799732,-17.091451623345353
SGA,2018-12-31,FY,13690000,184999000,248477000,124829000,0.07400040000216217,-8.546494708728975
ORC,2018-12-31,FY,-44387000,336079000,3395631000,154581000,-0.1320731137619429,-8.60719854251107
IBM,2018-12-31,FY,8728000000,16796000000,123382000000,79591000000,0.5196475351274112,16.83821568798424
CACC,2018-12-31,FY,574000000,1990900000,6237400000,1285800000,0.2883118187754282,15.1561148028796
TSRI,2018-11-30,Q2,-31061,8165280,13470026,32983277,-0.015216134657966413,-42.34234346467633
APA,2018-12-31,FY,286000000,7130000000,21582000000,7424000000,0.040112201963534364,-2.857142857142857
JVA,2019-01-31,Q1,314715,25196491,38323817,23633811,0.04996171887585458,-34.86841960792064
CAPR,2018-12-31,FY,-15191095,4615587,9247065,1671356,-3.291259594933429,-69.02438998860592
ARLO,2018-12-31,Q4,-75483000,269502000,595946000,464918000,-1.1203330587528106,-57.31462500721467
MHLD,2018-12-31,FY,-544405000,554275000,5287460000,2164807000,-0.9821929547607234,-53.93939385182054
CNC,2018-12-31,FY,894000000,10917000000,30901000000,56435000000,0.08189062929376202,9.349521677339217
IONS,2018-12-31,FY,214985000,1048079000,2667784000,599674000,0.2051228962702239,11.505729278576975
SOTK,2018-11-30,Q3,100813,8516115,12233124,8673849,0.04735163862864698,-12.323940676418713
INTG,2018-12-31,Q2,6000,-44763000,125404000,37238000,-0.0005361570940285504,14.449973529462667
MKTX,2018-12-31,FY,172852000,607878000,695539000,435565000,0.28435311032805927,77.2277716751928
FIXX,2018-12-31,FY,-57215000,194717000,259094000,3684000,-0.29383669633365345,-7.0214653486967595
ENS,2018-12-30,Q3,142081000,1309102000,3217941000,2011414000,0.43413271082008886,-2.705834889326103
AMMJ,2018-09-30,Q3,-579101,1171956,1419364,771302,-1.9765281290423873,-56.96428649355562
CVSI,2018-12-31,FY,10001000,30116000,36902000,48244000,0.3320826138929473,-79.58236642889347
OVLY,2018-12-31,FY,11537000,99038000,1094887000,40174000,0.11649063995638038,6.174869482107923
EBMT,2018-12-31,FY,4982000,94806000,853903000,34843000,0.052549416703584165,29.272726810339726
NWPX,2018-12-31,FY,20312000,218590000,271350000,172149000,0.09292282355094011,42.765129639099186
KBPH,2018-12-31,Q3,-156146,1037490,1052534,5000,-0.6020144772479735,-12.765955935780788
EXDW,2018-12-31,Q1,-453667,15982991,22639784,7892164,-0.11353744740267951,5.263163398397555
HSII,2018-12-31,FY,49295000,267156000,700629000,716023000,0.184517660093728,3.7191340820813004
CONN,2019-01-31,FY,73849000,619975000,1884907000,1078635000,0.11911609339086253,-56.92454523535852
FTV,2018-12-31,FY,2913800000.0,6595500000.0,12905600000.0,6452700000.0,0.44178606625729666,12.740173486814394
GSAT,2018-12-31,FY,-6516000,358945000,1045482000,130113000,-0.018153198958057642,-17.187502619344798
DLA,2018-12-29,Q1,-1149000,145338000,377329000,101675000,-0.031622837798786274,79.45444514086594
MO,2018-12-31,FY,6967000000,14787000000,55638000000,25364000000,0.47115709745046325,1.012350690785378
FFBC,2018-12-31,FY,172595000,2078249000,13986660000,540382000,0.0830482776606653,7.757167815565492
DNOW,2018-12-31,FY,52000000,1214000000,1795000000,3127000000,0.042833607907743,-2.2336788764012723
LSCC,2018-12-29,FY,-26322000,258457000,623687000,398799000,-0.10184285974069188,177.89016373154564
STX,2018-12-28,Q2,834000000,1934000000,8789000000,5706000000,1.7249224405377457,55.35855072135083
SEE,2018-12-31,FY,193100000,-348600000,5050200000,4732700000,-0.5539300057372346,13.117105840439446
GPN,2018-12-31,FY,484667000,3991407000,13230774000,3366366000,0.12142760685642932,75.84603018837495
PCTY,2018-12-31,Q2,15556000,250937000,1580352000,199741000,0.24796662110410184,98.50522913209775
FRT,2018-12-31,FY,249026000,2345891000,6289644000,915436000,0.10615412225035178,8.827520939953809
TPC,2018-12-31,FY,97781000,1809177000,4387752000,4454662000,0.054047226998795585,-20.788983049379848
AGM,2018-12-31,Q4,108080000,752557000,18694328000,544284000,0.5744681133787872,38.96426170111392
FIS,2018-12-31,FY,881000000,10215000000,23770000000,8423000000,0.08624571708272148,35.15358554749441
ZBH,2018-12-31,FY,-379300000,11271300000,24126800000,7932900000,-0.03365184140250015,43.41496965297588
WSC,2018-12-31,FY,-53572000,638215000,2752485000,751412000,-0.08394036492404597,92.56899408418211
ALK,2018-12-31,FY,437000000,3751000000,10912000000,8264000000,0.11650226606238337,11.224325394123749
HLIT,2018-12-31,FY,-21035000,228250000,510835000,403558000,-0.09215772179627602,60.59322586110278
TCNT,2018-08-31,Q2,-3430,-28813,48125,0,0.476173949259015,-34.279703859548135
FICO,2018-12-31,Q1,40007000,227895000,1305626000,262256000,0.7022005748261261,100.2246061110879
STCN,2019-01-31,Q2,-19118000,94537000,811044000,421356000,-0.8089107968308704,-15.060239369388173
SGMO,2018-12-31,FY,-68889000,366518000,590395000,84452000,-0.18795529823910423,-29.006969133183112
GURE,2018-12-31,FY,-69963986,293853404,298546790,2594941,-0.23809146005332646,-34.61538743690619
SBFG,2018-12-31,FY,11638000,130435000,986828000,39479000,0.08922451795913673,18.662604501143832
RSSS,2018-12-31,Q2,-770425,2958858,9915638,13941363,-1.0415166932647664,46.5306058897173
AHT,2018-12-31,FY,-156309000,452489000,4685954000,1430789000,-0.3454426516445704,-29.91900186067103
HNRG,2018-12-31,FY,7621000,254874000,515499000,293557000,0.02990104914585246,-42.998027474283944
BERY,2018-12-29,Q1,88000000,1455000000,8972000000,1972000000,0.24192439862542955,-0.9257282516502799
DY,2019-01-26,FY,62907000,804168000,2097503000,3127700000,0.07822619154206584,-25.866093199838414
AEP,2018-12-31,FY,1931300000,19028400000,68802800000,16195700000,0.10149565912005214,25.809474801815906
DFS,2018-12-31,FY,2742000000,11130000000,109553000000,10893000000,0.2463611859838275,43.31976845602358
TNC,2018-12-31,FY,33538000,314422000,992544000,1123511000,0.10666556411447037,50.50853845047892
PURE,2019-01-31,Q2,-3862000,1117000,1777000,984000,-13.82990152193375,-18.000000715255737
SIF,2018-12-31,Q1,-1282000,46421000,102588000,29067000,-0.11046724542771591,15.362317798969466
OMF,2018-12-31,FY,461000000,4021000000,20309000000,3648000000,0.11464809748818702,74.5574307441659
SIBN,2018-12-31,FY,-17453000,90192000,138521000,55380000,-0.1935094021642718,1.5318319970022942
ABBV,2018-12-31,FY,5687000000,-8446000000,59352000000,32753000000,-0.6733364906464598,-3.980915176428606
BZH,2018-12-31,Q1,7311000,635109000,2103390000,402040000,0.04604563940992806,49.47258186207937
ALE,2018-12-31,FY,174100000,2155800000,5165000000,1498600000,0.08075888301326653,6.3369217445548225
DG,2019-02-01,FY,1589472000,6417393000,13204038000,25625043000,0.2476818857751115,33.35361825558113
ARVN,2018-12-31,FY,-41480466,136666983,199281575,14323920,-0.3035149023520919,229.02721808682992
WTBA,2018-12-31,FY,28508000,191023000,2296568000,84793000,0.14923857336551097,34.415922694131424
TEX,2018-12-31,FY,113700000,860500000,3485900000,5125000000,0.13213248111563045,7.9434187823685445
ETR,2018-12-31,FY,862555000,8844305000,48275066000,11009452000,0.09752660045079857,38.58487185107975
LMT,2018-12-31,FY,5046000000,1394000000,44876000000,53762000000,3.619799139167862,49.67155491048748
CODI,2018-12-31,FY,-1790000,859372000,2372335000,1691673000,-0.002082916362180755,99.35743032183406
PCG,2018-12-31,FY,-6837000000,12651000000,76995000000,16759000000,-0.5404315864358549,-54.52631498637952
CBU,2018-12-31,FY,168641000,1713783000,10607295000,362733000,0.09840277327993101,21.90394618332336
TCBK,2018-12-31,FY,68320000,827373000,6352441000,228218000,0.08257460661636287,20.864158171185185
DBRM,2018-11-30,Q3,-1988349,-17272731,934296,586139,0.460459669058703,70.00001303851634
ACU,2018-12-31,FY,4598350,52332411,109477786,137321395,0.0878681091150186,69.68421266790021
WRB,2018-12-31,FY,649066000,5437851000,24895977000,7691651000,0.11936075482759642,39.28426889869041
FCFS,2018-12-31,FY,153206000,1318104000,2107974000,1091614000,0.1162321030813957,11.27851255591682
OSK,2018-12-31,Q1,109000000,2411200000,5030100000,1803400000,0.18082282680822828,54.47724182523336
BFIN,2018-12-31,FY,19342000,187150000,1585325000,61287000,0.10335025380710659,-13.1772594793474
ANIP,2018-12-31,FY,15494000,197263000,430604000,201576000,0.07854488677552303,35.91736562534132
BKD,2018-12-31,FY,-528352000,1018903000,6467260000,4531426000,-0.5185498521449049,6.567165220094516
DLR,2018-12-31,FY,341115000,9858644000,23766695000,3046478000,0.03460060024482069,11.037066325679403
MCD,2018-12-31,FY,5924300000.0,-6258400000.0,32811199999.999996,10012700000.0,-0.9466157484341046,10.891476904981152
VERU,2018-12-31,Q1,-2148798,36881843,52334960,6371809,-0.23304670539376246,128.57143586995662
WTM,2018-12-31,FY,-191400000,2843100000,3362600000,369100000,-0.06732088213569695,30.40141988627844
HEAR,2018-12-31,FY,39190000,37496000,121920000,287437000,1.0451781523362491,-33.42677158197656
APT,2018-12-31,FY,3625000,32194000,34255000,46624000,0.11259862086103001,-5.121295290211317
FNRN,2018-12-31,FY,12551000,112461000,1249845000,45617000,0.1116031335307351,1.8851000509880231
STN,2018-12-31,FY,219480000,519620000,4009526000,1681030000,0.4223855894692275,28.81975782780743
MCY,2018-12-31,FY,-5728000,1617684000,5433729000,135800000,-0.003540864594073997,-5.878942118256945
WY,2018-12-31,FY,748000000,9046000000,17249000000,7476000000,0.08268848109661729,36.91674048262725
HMNF,2018-12-31,FY,8236000,83147000,712315000,30381000,0.09905348358930569,7.186543257391633
KTOS,2018-12-30,FY,-3500000,519300000,1010100000,618000000,-0.006739842095128057,26.117815935579536
SVTE,2018-11-30,Q1,113526,305780,683076,993889,1.4850676957289555,0.0
MKSI,2018-12-31,FY,392896000,1873187000,2614246000,2075108000,0.20974734503282375,71.5678647685404
JBLU,2018-12-31,FY,188000000,4611000000,10426000000,7658000000,0.04077206679679028,16.500620838437708
ALX,2018-12-31,FY,32844000,285092000,1481257000,232825000,0.11520491630771822,7.937915343109961
DPZ,2018-12-30,FY,361972000,-3039921000,907385000,3432867000,-0.11907283116896787,17.871684779107515
MBI,2018-12-31,Q4,-296000000,1132000000,8076000000,162000000,-1.0459363957597174,3.9237710591494035
LUNA,2018-12-31,FY,11004241,62354330,75598736,42917245,0.17647917955336861,114.92537355922225
EWLU,2018-12-31,FY,-3146818,-6402959,806856,379026,0.4914630876130864,-62.16219634010617
MKC,2019-02-28,Q1,148000000,3342700000,10227900000,1231500000,0.17710234241780595,10.501543777004876
IEHC,2018-12-28,Q3,3994469,21093487,23884847,21619017,0.7574791213989418,63.763061848735155
ESGR,2018-12-31,FY,-212272000,3901933000,16556270000,35088000,-0.05440175420746589,23.94819351316188
LXRX,2018-12-31,FY,-120548000,-26405000,284136000,26583000,4.565347472069684,-37.65060316670149
PMPG,2017-12-31,FY,-71738,-934857,84,0,0.07673686991700335,-61.48148237575553
URG,2018-12-31,FY,4534000,51847000,100363000,23496000,0.08744961135649121,-10.769230063850333
SMIT,2018-11-30,Q2,-467089,9131291,10938031,6943931,-0.20461027909416094,24.408158326801153
LIVN,2018-12-31,FY,-189399000,1503738000,2549701000,1106961000,-0.12595212729877145,-17.885645995431204
FARM,2018-12-31,Q2,-13086000,218325000,528057000,307213000,-0.23975266231535555,-36.17659497635599
XHR,2018-12-31,FY,198532000,1823913000,3170087000,1058207000,0.10884949007984482,26.162789537173005
FMBM,2018-12-31,FY,9085000,91911000,780253000,36708000,0.09884562239557833,-3.3333333333333335
TAST,2018-12-30,FY,10104000,185540000,600251000,1179307000,0.054457259890050666,-30.18292907493205
ALV,2018-12-31,FY,183700000,1883700000,6721600000,8678200000,0.09752083665127144,20.56100544182318
OPHC,2018-12-31,FY,796000,5306000,100368000,4292000,0.15001884658876743,-5.333336194356283
PMT,2018-12-31,FY,152798000,1566132000,7813361000,351067000,0.09756393458533508,19.602574941025335
DIGP,2018-12-31,Q1,-462174,779204,1536167,642115,-2.3725442887870187,-5.45454299154359
DXLG,2019-02-02,FY,-13531000,58640000,226076000,473756000,-0.23074693042291952,-56.47058686033112
EQBK,2018-12-31,FY,35825000,455941000,4061716000,161556000,0.07857376283334905,-13.163118835882093
BTCS,2018-12-31,FY,-826420,-255993,63153,0,3.2282913985929302,-85.41666627861558
RBA,2018-12-31,FY,121506000,830643000,2052396000,1170026000,0.1462794485717691,31.601466280036078
PETV,2018-12-31,Q3,-3460408,-312271,1185412,0,44.32570427609352,-20.79999570846532
CHH,2018-12-31,FY,216355000,-183772000,1138370000,1041304000,-1.1773012210782927,45.40374290113529
NVCR,2018-12-31,FY,-63559000,112259000,339793000,248069000,-0.5661817760714063,154.6595080703978
MUR,2018-12-31,FY,419486000,4829299000,11052587000,2586627000,0.08686271030226125,12.56947674551353
UCBI,2018-12-31,FY,166111000,1457554000,12573192000,500080000,0.11396558892500724,44.175218331878675
PRTT,2017-12-31,FY,-122611,-143441,0,0,0.8547834998361695,112.50000279396768
KRED,2017-12-31,FY,-13926649,-7908916,1972720,2873723,1.7608796199125138,-49.75000041909517
AEHR,2018-11-30,Q2,-2144000,17902000,29901000,10651000,-0.47905261981901465,0.5319143876925793
PLPC,2018-12-31,FY,26581000,249370000,358797000,420878000,0.10659261338573205,10.617508426789314
CMG,2018-12-31,FY,176553000,1441339000,2265518000,4864985000,0.1224923491281371,93.62884522077519
DBV,2018-12-31,FY,100609,23519910,23913239,480972,0.004277609905820218,3.2086661229682947
NOW,2018-12-31,FY,-26704000,1111199000,3879140000,2608816000,-0.024031699092601774,58.83740112960459
EIG,2018-12-31,FY,141300000,1018200000,3919200000,800400000,0.13877430760164997,-0.16678506740116325
MTZ,2018-12-31,FY,259231000,1389898000,4439953000,6909417000,0.18651080870682596,59.27020780788372
AEMD,2018-12-31,Q3,-4573416,3292079,4950755,149625,-5.556872723892713,-96.22489975159428
WEYS,2018-12-31,FY,19959000,205583000,270044000,298375000,0.09708487569497477,-9.427493976028087
MCHX,2018-12-31,FY,-2678000,95026000,113062000,85251000,-0.028181760781259866,41.88678698677254
SLB,2018-12-31,FY,2177000000,36162000000,70507000000,32815000000,0.060201316298877275,11.97339100771863
CGNX,2018-12-31,FY,219267000,1135263000,1289667000,806338000,0.19314202964423222,45.22886606318094
RWT,2018-12-31,Q4,119600000,1348794000,11937406000,378717000,0.35468722429073674,9.422694791305426
KAR,2018-12-31,FY,328000000,1464200000,7206200000,3769600000,0.22401311296271,19.975143956073083
PDLB,2018-12-31,FY,2677000,169172000,1059901000,46156000,0.01582413165299222,15.227633136255328
WST,2018-12-31,FY,206900000,1396300000,1978900000,1717400000,0.14817732578958676,53.84066044734418
GEN,2018-12-31,FY,-372417000,-1339520000,4263623000,4976650000,0.27802272455805066,34.814815113830875
COMM,2018-12-31,FY,140217000,1756768000,6630540000,4568507000,0.07981531995118309,-15.497248949154436
OCN,2018-12-31,FY,-70596000,554705000,9394216000,1063045000,-0.1272676467672006,2.238800234081966
TMST,2018-12-31,FY,-31700000,535200000,1197600000,1610600000,-0.05923019431988042,-14.874138992470337
MPB,2018-12-31,FY,10596000,223209000,2077981000,68654000,0.047471204118113515,22.936571130762747
PVH,2019-02-03,FY,744600000,5827800000,11863700000,9656800000,0.12776691032636672,-19.96144042067237
ERII,2018-12-31,FY,22093000,113378000,179841000,61025000,0.19486143696307925,46.210997395250466
FOXF,2018-12-28,FY,85367000,321205000,485254000,619225000,0.26577108077396056,15.634911895324658
KEX,2018-12-31,FY,79078000,3213187000,5871594000,2970697000,0.024610456845493275,33.06115861234725
IVZ,2018-12-31,FY,883100000,8578800000,30978400000,5314100000,0.10293980510094652,7.1087249123548215
NWE,2018-12-31,FY,196960000,1942382000,5644376000,1192009000,0.10140126916332627,20.609024390510005
FPI,2018-12-31,FY,14040000,339273000,1139509000,56069000,0.041382603390190204,48.89868470665587
PK,2018-12-31,FY,477000000,5632000000,9363000000,2737000000,0.08469460227272728,-0.5003816899813979
EQT,2018-12-31,FY,-2007158000,10958229000,20721344000,4709384000,-0.1831644511170555,-43.67389789777661
HURC,2019-01-31,Q1,6654000,230021000,316076000,74213000,0.11571117419713853,-17.601038751556466
NNBR,2018-12-31,FY,-264467000,418295000,1501570000,770657000,-0.6322499671284619,39.34426718798967
KINS,2018-12-31,FY,3093246,88665642,266752079,113771898,0.03488663624631512,-57.377050682747765
TPHS,2018-12-31,FY,-7889000,59461000,256762000,3715000,-0.13267519886984747,-32.25806557939009
NEXT,2018-12-31,FY,-41960000,83221000,169002000,0,-0.504199661143221,11.111109148818315
BSVN,2018-12-31,FY,25000000,88466000,770511000,46800000,0.2825944430628716,37.97752471873752
BBVA,2018-12-31,FY,763429000,13483508000,90947174000,3265274000,0.056619464311513,5.103969430501389
UWHR,2018-12-31,FY,2477000,34520000,632304000,21873000,0.07175550405561994,4.761911148314074
PRFT,2018-12-31,FY,24559000,353684000,570544000,498375000,0.06943769014148223,107.18777384397838
AEY,2018-12-31,Q1,-1038981,33591340,40926641,11272286,-0.12372010166906114,71.42856952976746
SAVE,2018-12-31,FY,155749000,1928504000,5165457000,3323034000,0.08076156440432584,-31.284529531632614
RNG,2018-12-31,FY,-26203000,317609000,894326000,673624000,-0.08250081074528745,102.30469898134074
JBT,2018-12-31,FY,104100000,456900000,1442500000,1919700000,0.2278397898883782,59.67136549273927
GLBZ,2018-12-31,FY,1583000,34051000,413046000,14693000,0.04648908989456991,8.245442296396483
NTRA,2018-12-31,FY,-128154000,32162000,268171000,257654000,-3.98464025869038,140.1862370177156
WRD,2018-12-31,FY,146508000,1291408000,3255030000,947386000,0.11344826731753249,20.269310604297672
REXR,2018-12-31,FY,47075000,1876094000,2787685000,212494000,0.025092026305718156,53.545982539248705
MYE,2018-12-31,FY,-3349000,154638000,348645000,566735000,-0.021657031260104244,9.927207066556432
ROKU,2018-12-31,FY,-8857000,244651000,464997000,742506000,-0.03620259062910023,329.50394492493365
TGLS,2018-12-31,FY,8486000,132356000,489774000,370984000,0.06411496267641814,0.991324990475074
SRET,2018-12-31,FY,21978000,283751000,714467000,6118000,0.07745523363794313,12.932939101088262
TDC,2018-12-31,FY,30000000,495000000,2360000000,2164000000,0.06060606060606061,-31.204382247775523
UVE,2018-12-31,FY,117051000,501633000,1858390000,823816000,0.23333991184790473,-26.476791911875658
ATRO,2018-12-31,FY,46803000,386625000,774640000,803256000,0.12105528612997091,-7.290644220295317
CPRI,2018-12-29,Q3,522700000,2263700000,6028400000,3894300000,0.9236206211070371,-1.0284794527438257
ABM,2019-01-31,Q1,13000000,1461100000,3686400000,1607900000,0.03558962425569776,13.717468937663114
DLHC,2018-12-31,Q1,1690000,41340000,63757000,33752000,0.16352201257861634,-10.967746632735004
MFA,2018-12-31,FY,301801000,3416101000,12420327000,455675000,0.08834662675371717,14.670659345169792
WINR,2018-11-30,Q2,-3480184,-2609526,8184882,0,5.334584135203098,-53.45345381896455
PLSE,2018-12-31,FY,-37545000,66334000,70640000,0,-0.5659993366900835,15.00872828362507
ACAN,2018-12-31,Q1,-538508,7449260,9950381,0,-0.289160534066471,-71.3615032145091
CAPS,2018-12-31,FY,380000,-1244000,1477000,-2000000,-0.3054662379421222,-25.0
OKTA,2019-01-31,FY,-125497000,252377000,864335000,399254000,-0.4972600514309941,61.276236745396375
MHO,2018-12-31,FY,107663000,855303000,2021581000,2286282000,0.1258770283747397,88.58229555845479
EDUC,2018-11-30,Q3,6122900,25747700,71747400,95185900,0.9512150599859405,-37.538459973457535
SYNA,2018-12-31,Q2,16600000,704200000,1499600000,843100000,0.09429139449020164,78.12416127404535
CRAI,2018-12-29,FY,22472000,196472000,370846000,417648000,0.11437762123864978,25.898943960885862
POOL,2018-12-31,FY,234461000,223590000,1240871000,2998097000,1.048620242407979,44.59469308225088
DBO,2018-12-31,FY,-38302599,261573403,261940169,7238660,-0.14643155061143584,27.036598461127753
NOV,2018-12-31,FY,-22000000,13819000000,19796000000,8453000000,-0.0015920109993487227,-1.8677098651185429
SRDX,2018-12-31,Q1,1310000,113621000,150662000,22241000,0.046118235185397066,-13.330510920035435
TBPH,2018-12-31,FY,-215524000,-51589000,560235000,60370000,4.177712303010332,0.9378654540331963
AXDX,2018-12-31,FY,-88326000,57375000,185265000,5670000,-1.5394509803921568,45.04348091457201
OMC,2018-12-31,FY,1440500000,2547100000,24617000000,15290200000,0.5655451297554082,10.472427665285409
PAG,2018-12-31,FY,470300000,2609100000,10904500000,22785100000,0.18025372733892914,24.67758144407107
MLM,2018-12-31,FY,470376000,4946363000,9551419000,4244265000,0.09509532559579635,61.72107994622002
LSTR,2018-12-29,FY,255213000,686824000,1380564000,4615144000,0.37158427777713066,18.302500754007806
RAVE,2018-12-23,Q2,340000,5331000,11450000,6186000,0.25511161132995686,91.01124438293185
ISRG,2018-12-31,FY,1127900000,6678800000,7846700000,3724200000,0.16887764269030364,23.469478168337403
MASI,2018-12-29,FY,193543000,969065000,1154818000,858289000,0.19972138091872063,48.542424712046675
ARDX,2018-12-31,FY,-91298000,115813000,183332000,2607000,-0.7883225544627978,315.08379813857687
AWR,2018-12-31,FY,63871000,558223000,1501433000,107208000,0.11441843134374614,30.265514078816057
XEL,2018-12-31,FY,1261000000,12222000000,45987000000,11537000000,0.10317460317460317,28.455450228343736
BLCM,2018-12-31,FY,-98036000,68478000,121501000,1120000,-1.431642279272175,-61.98630105668418
RDFN,2018-12-31,FY,-41978000,371938000,542821000,486920000,-0.11286289650425609,47.222231420470116
PFIE,2018-12-31,FY,6080762,45255859,49362980,45614535,0.13436408311242087,0.6896544920278584
PI,2018-12-31,FY,-35231000,97883000,145069000,122633000,-0.35992971200310575,78.21305818049036
DBC,2018-12-31,FY,-290387802,1932576856,2009795566,48296839,-0.15025938093920752,10.766042033015164
K,2018-12-29,FY,1344000000,2601000000,17780000000,13547000000,0.5167243367935409,21.31204363749139
ARAY,2018-12-31,Q2,-13846000,46145000,386073000,198147000,-1.2002167082024056,-17.888566514971394
CZNC,2018-12-31,FY,22013000,197368000,1290893000,50328000,0.11153277126991204,5.183499493250022
TKCM,2018-06-30,FY,-357324,-3487859,459778,510879,0.10244794872728513,242.85716231988434
CAAS,2018-12-31,FY,79000,285877000,690499000,496158000,0.00027634262287627194,27.45900910504898
BOH,2018-12-31,FY,219602000,1268200000,17143974000,550173000,0.17316038479735057,41.443852721859045
PMPG,2018-03-31,Q1,-1009741,-918553,0,0,4.397094125216509,-10.11904187747542
TMUS,2018-12-31,FY,2888000000,24718000000,72468000000,43310000000,0.11683793187151063,22.747997298947283
ZEUS,2018-12-31,FY,33759000,306991000,760740000,1715081000,0.10996739318090758,23.686048019204474
UUP,2018-12-31,FY,38849945,494352592,516365973,9643063,0.07858752159632654,2.3182716499052325
EMKR,2018-12-31,Q1,-5538000,101556000,129991000,24001000,-0.21812596006144394,-26.428570131055295
LIXT,2018-12-31,FY,-2133128,4125823,4336738,0,-0.5170187863124521,-26.88171987878697
CFR,2018-12-31,FY,454918000,3368917000,32292966000,1051198000,0.1350338996181859,11.58743976474328
ETRN,2018-12-31,Q4,511277000,457793000,10523835000,1495098000,4.467320382793097,-34.91508773708239
NEU,2018-12-31,FY,234734000,489907000,1697274000,2289675000,0.4791399183926745,18.40374602923049
SSTK,2018-12-31,FY,54687000,286667000,531488000,623250000,0.19076838282746184,18.717028582687885
APA,2018-12-31,FY,-239000,-213714000,1857319000,78358000,0.0011183170030975977,-2.857142857142857
XYL,2018-12-31,FY,549000000,2768000000,7222000000,5207000000,0.19833815028901733,18.015582168989255
ATRI,2018-12-31,FY,34255000,210767000,231216000,152448000,0.16252544278753314,0.5276047193777228
LOCO,2018-12-26,FY,-8994000,265236000,450226000,435828000,-0.03390942406008234,-0.3311270825941305
MYO,2018-12-31,FY,-10316739,6425885,8281572,2444104,-1.6054969860182684,-78.88888952663405
BAH,2018-12-31,Q3,328954000,675255000,3797977000,4923957000,1.9486208913669651,57.66584876803137
WCN,2018-12-31,FY,547154000,6454608000,12627329000,4922941000,0.08476951659961379,22.020199965146254
HTH,2018-12-31,FY,125727000,1949470000,13683572000,579428000,0.06449291345852975,40.325297615386305
BMI,2018-12-31,FY,27790000,303503000,392691000,433732000,0.0915641690526947,33.672017888845254
PH,2018-12-31,Q2,687812000,5815209000,15307687000,6951339000,0.47311248830437563,37.96432569994861
UPS,2018-12-31,FY,4791000000,3021000000,50016000000,71861000000,1.585898709036743,19.388909975177285
VRUS,2019-01-31,Q1,-338489,-1895214,1642485,2443820,0.7144079771466442,683.3334052373525
FMCB,2018-12-31,FY,45527000,311215000,3434243000,133453000,0.1462879359928024,10.571428571428571
EMMA,2018-12-31,FY,-58043259,-15797189,74555187,15076822,3.674277683200473,-56.511842432685846
PLCE,2019-02-02,FY,100960000,314437000,727046000,1938084000,0.32108180653040197,-34.81538390631164
CTAS,2018-11-30,Q2,455528000,3027244000,7405083000,3416243000,0.6019045706259555,37.18646112714061
AJIA,2018-09-30,Q1,-53438,-186705,9162,0,1.1448648938164485,-98.84615380030411
BFST,2018-12-31,FY,14091000,260058000,2094896000,76195000,0.05418406663128994,0.24763258119928858
VCON,2018-09-30,FY,-5409147,-25648,12427971,27733367,210.89936837180286,-82.35294117647058
QBAK,2018-12-31,FY,1486000,7328000,9998000,12229000,0.20278384279475983,2.8571446736653643
PSA,2018-12-31,FY,1717223000,9119478000,10928270000,2754280000,0.18830277347014818,4.347612713079136
AFTM,2018-12-31,Q2,-4308819,-9657257,1179772,942586,1.7846968347223233,-89.99999930150805
CMT,2018-12-31,FY,-4782000,98929000,201198000,256217000,-0.04833769673199972,-56.68073325079334
WHG,2018-12-31,FY,26751000,161149000,190485000,122300000,0.1660016506462963,-12.82353120691636
CNK,2018-12-31,FY,215305000,1443738000,4481838000,3221735000,0.14913024385310908,-5.000002663894795
XDSL,2018-12-31,Q2,-253894,-1741630,1148,0,0.5831181134913845,1919.9999508261687
PULM,2018-12-31,FY,-20563000,11844000,14723000,153000,-1.7361533265788585,-64.95833396911621
IDXX,2018-12-31,FY,377047000,-9513000,1537349000,2213242000,-39.63492063492063,40.63003983182029
SUPN,2018-12-31,FY,110993000,453023000,977811000,408897000,0.2450052204854941,-29.711018893889413
MYFW,2018-12-31,FY,5647000,116875000,1084324000,38796000,0.04831657754010695,38.77028135835473
ORCL,2019-02-28,Q3,7343000000,23714000000,109438000000,28369000000,1.2385932360630851,-2.5896839845723196
LBRT,2018-12-31,FY,249033000,433069000,1116501000,2132032000,0.5750423142732451,-13.899615577191321
COTY,2018-12-31,Q2,-966100000,7605100000,21270700000,4542500000,-0.508132700424715,68.44512632804783
INGR,2018-12-31,FY,454000000,2388000000,5728000000,5841000000,0.19011725293132328,2.045946483554523
MAR,2018-12-31,FY,1907000000,2225000000,23696000000,20758000000,0.8570786516853932,39.894987594503014
O,2018-12-31,FY,364598000,8088742000,15260483000,1327838000,0.045074747099116276,16.19607076364862
WSO,2018-12-31,FY,296529000,1347849000,2161033000,4546653000,0.22000164706877404,29.804514447761566
IMXI,2018-12-31,FY,-7244000,44473000,225839000,273901000,-0.16288534616508893,-0.5852817274327048
LSBK,2018-12-31,FY,4000000,79804000,545708000,21536000,0.050122800862112175,1.5936239338051255
COLL,2018-12-31,FY,-39128000,91585000,291245000,280413000,-0.4272315335480701,17.23936558718733
CVGW,2019-01-31,Q1,4481000,270453000,380265000,258032000,0.06627399215390474,-3.0113039944231152
WK,2018-12-31,FY,-50071000,-9740000,231111000,244344000,5.1407597535934295,17.024242725715503
VKTX,2018-12-31,FY,-22063000,297750000,302312000,0,-0.07409907640638119,3.6601271827532305
MATW,2018-12-31,Q1,2984000,842018000,2352777000,374177000,0.014175468932968179,-6.376169918002788
MKTX,2018-12-31,FY,172852000,607878000,695539000,435565000,0.28435311032805927,77.2277716751928
RCKY,2018-12-31,FY,14553000,151575000,184663000,252694000,0.09601187530925284,10.499998239370493
DFIN,2018-12-31,FY,73600000.0,226000000.0,868700000.0,963000000.0,0.3256637168141593,-25.73057537694437
HY,2018-12-31,FY,34300000,527400000,1742100000,3174400000,0.06503602578687903,-5.2775992674008005
IT,2018-12-31,FY,122456000,850757000,6201474000,3975454000,0.14393769313681815,19.500945438607843
STE,2018-12-31,Q3,196199000,3104536000,5006390000,2013957000,0.2527901109859895,42.19934919157335
ANIX,2018-10-31,FY,-14243084,5434808,6448542,1112500,-2.6207152120185295,-2.469139218312053
SGRP,2018-09-30,Q1,-5241,43753,48753,0,-0.47914428724887437,6.122443021609968
BGS,2018-12-29,FY,172435000,900049000,3054799000,1700764000,0.19158401375925088,-36.97682667063223
SLDB,2018-12-31,FY,-74798000,125183000,139597000,0,-0.5975092464631779,-84.10447723236844
FCNCA,2018-12-31,FY,400313000,3488954000,35408629000,1245757000,0.11473725362959787,41.57273705736561
TDY,2018-12-30,FY,333800000,2229700000,3809300000,2901800000,0.1497062385074225,67.97218091542415
OGS,2018-12-31,FY,172234000,2042656000,5468642000,1633731000,0.08431865179452634,16.75879927513083
CWK,2018-12-31,Q4,-185800000,1360100000,6546000000,8219900000,-0.5464304095287111,41.67242309394483
SM,2018-12-31,Q4,508407000,2920322000,6352862000,2067072000,0.6963711535919669,-28.294569058713563
YUMM,2018-12-31,Q1,-19222,15222,1000,0,-5.051110235185915,0.0
EGRX,2018-12-31,FY,31903000,160762000,238603000,213312000,0.19844863835981139,48.64730213140169
OCUL,2018-12-31,FY,-59978000,35875000,73043000,1990000,-1.6718606271777003,-0.7537681217588103
CZFS,2018-12-31,FY,18034000,139229000,1430712000,56758000,0.12952761278181987,10.711075344262149
ROAD,2018-12-31,Q1,5154000,304623000,467812000,154327000,0.0676770959513891,91.6194815683806
NTAP,2019-01-25,Q3,773000000,1230000000,8418000000,4554000000,2.513821138211382,-6.150946488470282
TCBI,2018-12-31,FY,300824000,2500394000,28257767000,1164193000,0.12031063904328677,10.843611076495021
CIX,2018-12-31,FY,15325000,149562000,166429000,118217000,0.10246586699830171,4.775904398246557
TSQ,2018-12-31,FY,-31575000,341577000,987198000,430599000,-0.0924388937194249,143.3823649721027
BCO,2018-12-31,FY,-27500000,153700000,3236000000,3488900000,-0.1789199739752765,39.96905758393071
NX,2019-01-31,Q1,-3649000,389803000,725740000,196808000,-0.037444555326665005,14.696493293749857
AP,2018-12-31,FY,-67476000,87595000,571119000,419432000,-0.7703179405217193,-4.516124864274451
ED,2018-12-31,FY,1382000000,16726000000,53920000000,12337000000,0.08262585196699748,17.95710635801179
FNB,2018-12-31,FY,373000000,4608000000,33102000000,1170000000,0.08094618055555555,28.861789721019253
PSTG,2019-01-31,FY,-178362000,737780000,1973025000,1359824000,-0.24175499471387135,3.2942499029286267
OHI,2018-12-31,FY,293884000,3444441000,8590877000,881682000,0.08532124661156919,18.776666252096454
MRC,2018-12-31,FY,74000000,692000000,2434000000,4172000000,0.1069364161849711,11.120201645591218
QMCI,2018-12-31,FY,497871,-1780510,3536926,11127670,-0.2796226923746567,88.88888336994052
CNA,2018-12-31,FY,813000000,11217000000,57152000000,10134000000,0.07247927253276278,0.7248010957296301
UNIT,2018-12-31,FY,16545000,-1585578000,4592937000,1017634000,-0.010434680602278791,-48.61913836350709
VSEC,2018-12-31,FY,35080000,328395000,638828000,697218000,0.10682257647040912,28.050817226514834
MTCH,2018-12-31,FY,472591000,125864000,2053061000,1729850000,3.7547749952329497,94.0145019144393
ASIX,2018-12-31,FY,66244000,420338000,1034626000,1514984000,0.15759698147681153,-19.802792377187988
NGS,2018-12-31,FY,426000,260181000,305401000,65478000,0.0016373217106552746,-25.1216543812458
ASTC,2018-12-31,Q2,-4398000,2650000,3766000,40000,-6.638490566037736,-62.05450948913235
WK,2018-12-31,FY,12805000,173433000,1934388000,64837000,0.07383254628588562,17.024242725715503
WEX,2018-12-31,FY,169776000,1785697000,6770595000,996763000,0.0950754803306496,48.736263712319854
SSNC,2018-12-31,FY,103200000,4580000000,16107500000,3421100000,0.022532751091703055,35.358014957063304
ENTG,2018-12-31,FY,240755000,1012025000,2317641000,1550497000,0.23789432079247055,80.17921557380944
KO,2018-12-31,FY,6476000000,16981000000,83216000000,31856000000,0.38136741063541607,16.726509480187662
MCK,2018-12-31,Q3,999000000,9185000000,61011000000,161890000000,0.43505715841045184,24.16945474174427
CE,2018-12-31,FY,1213000000,2984000000,9313000000,7155000000,0.40650134048257375,36.37878768863184
DTGI,2019-01-31,Q2,-3471000,-3358000,4358000,3008000,4.134603930911257,-90.42857176308729
GLRE,2018-12-31,FY,-354329000,477287000,1435445000,183029000,-0.742381418308062,16.009282282622824
COST,2019-02-17,Q2,1678000000,13858000000,42799000000,70465000000,0.48434117477269445,45.93343328637891
RRGB,2018-12-30,FY,-6419000,382805000,843941000,1338563000,-0.016768328522354724,16.130245075032256
NGTF,2018-12-31,Q2,-972011,-2781123,199527,136859,1.3980122418174241,25.000002024614286
FRPH,2018-12-31,FY,124472000,364607000,505488000,22022000,0.34138675340846447,9.606611921074483
AVD,2018-12-31,FY,24062000,329230000,593587000,454272000,0.07308568477963734,27.188941596644224
WABC,2018-12-31,FY,71564000,615591000,5568526000,151723000,0.11625251181385043,22.395835402939042
FNKO,2018-12-31,FY,28311000,156638000,663019000,686073000,0.18074158250233022,28.479094660627553
UHT,2018-12-31,FY,24196000,198610000,483756000,76210000,0.12182669553396103,88.10494451781624
BSRR,2018-12-31,FY,29677000,273024000,2522502000,101638000,0.108697403891233,21.01539364444149
TSCO,2018-12-29,FY,532357000,1561820000,3085262000,7911046000,0.34085682088845065,10.61840885799744
ONVO,2018-12-31,Q3,-19652000,35675000,39685000,2411000,-2.203447792571829,-62.500002483526764
DAIO,2018-12-31,FY,1606000,23357000,30723000,29224000,0.06875883032923749,-15.600004196166992
MATX,2018-12-31,FY,109000000,755300000,2430400000,2222800000,0.1443135178074937,29.356644524664542
CORT,2018-12-31,FY,75410000,275882000,311694000,251247000,0.2733415010765472,-9.730533461584448
EPC,2018-12-31,Q1,-400000,1739300000,3881300000,457100000,-0.0009199103087448974,-18.045510412643022
TUP,2018-12-29,FY,155900000,-235200000,1308800000,2069700000,-0.6628401360544217,-73.96262164558574
GS,2018-12-31,FY,10459000000,90185000000,931796000000,19679000000,0.11597272273659699,37.56360302523185
AVDL,2018-12-31,FY,-95304000,2780000,190300000,103269000,-34.28201438848921,180.62015446567253
HSON,2018-12-31,FY,7867000,40487000,53179000,66932000,0.19430928446167905,-11.037035341616031
FLGT,2018-12-31,FY,-5607000,51152000,53904000,21351000,-0.10961448232718174,311.67192039918336
SGH,2019-03-01,Q2,43762000,250290000,776408000,697942000,0.6993807183666947,-5.426353254821986
PNW,2018-12-31,FY,530540000,5222915000,17664202000,3691247000,0.10157929049199536,4.753524878901267
BOXL,2018-12-31,FY,-7177883,7968059,21267187,37841277,-0.9008320596019683,-7.083336230781229
NUS,2018-12-31,FY,121887000,781867000,1694446000,2679008000,0.15589224254252962,-33.93119313874501
AMRX,2018-12-31,FY,-201303000,504750000,4352736000,1662991000,-0.3988172362555721,-66.74057584026427
GSBC,2018-12-31,FY,67109000,531977000,4676200000,205949000,0.12615019070373343,38.23593907357302
CDXI,2018-12-31,FY,-4024222,-3535391,2458898,1510875,1.1382678747555786,-73.08500051498413
FGEN,2018-12-31,FY,-86420000,509199000,880598000,212958000,-0.1697175367587132,-6.201380742405389
ATNM,2018-12-31,FY,-23653963,8812797,14889394,0,-2.6840471872891207,-41.343668008957145
ANET,2018-12-31,FY,328115000,2143389000,3081983000,2151369000,0.15308233829696802,-3.5927822378133363
AUBN,2018-12-31,FY,8834000,89055000,818077000,29246000,0.09919712537196115,69.86733745576078
PVBC,2018-12-31,FY,9325000,125584000,974079000,42340000,0.07425308956554975,16.61766882651884
RELL,2018-12-01,Q2,-304000,132591000,160443000,41314000,-0.009171059875858844,-21.606648034793526
IDT,2019-01-31,Q2,-659000,52700000,416140000,711789000,-0.05001897533206831,7.103067424443722
NWFL,2018-12-31,FY,13651000,122285000,1184559000,42496000,0.11163266140573251,17.93938839074337
CMPR,2018-12-31,Q2,54043000,128187000,1972171000,1414548000,1.6863800541396554,21.311159645857987
STC,2018-12-31,FY,59022000,673525000,1372930000,1907672000,0.08763149103596748,-1.0386480418533088
GT,2018-12-31,FY,708000000,4864000000,16872000000,15475000000,0.1455592105263158,-25.37971751054462
NATR,2018-12-31,FY,-1202000,120568000,193016000,364810000,-0.009969477805056068,5.766874711996193
MMMM,2018-09-30,FY,-463334,-158443,1900,0,2.9242945412545835,-63.56250047683716
PFIS,2018-12-31,FY,24920000,278614000,2288993000,84661000,0.08944274157077534,14.16250038419697
SENEA,2018-12-29,Q3,14377000,420033000,962059000,936991000,0.13691305206971832,45.60595730823761
ATO,2018-12-31,Q1,157646000,5348195000,12615789000,877782000,0.11790594770759107,19.143658074107815
IBP,2018-12-31,FY,54748000,182498000,834658000,1336432000,0.2999923286830541,104.15554046585507
MTRN,2018-12-31,FY,20846000,553906000,800341000,1207815000,0.03763454448949822,31.718150946183094
VISM,2018-12-31,Q2,-1464812,-4247454,600926,0,1.3794729736920046,-98.12678706184774
MBUU,2018-12-31,Q2,27013000,162145000,438943000,289276000,0.666391193067933,17.93103969905107
SXI,2018-12-31,Q2,29255000,452826000,1014052000,388609000,0.2584215570660695,18.115507760734104
ECL,2018-12-31,FY,1440300000,8003200000,20074500000,14668200000,0.1799655137944822,30.0441039565153
LZB,2019-01-26,Q3,68474000,657263000,1061456000,1291610000,0.416722073203573,12.353353649426683
BG,2018-12-31,FY,287000000,6173000000,19425000000,45743000000,0.046492791187429126,6.942370872958229
LPLA,2018-12-31,FY,439459000,974073000,5477468000,5188400000,0.45115612484895895,51.58807066507883
MPAA,2018-09-30,Q2,-1982000,282164000,584013000,219607000,-0.028097134999503833,-26.68152104633829
LRDC,2018-11-30,Q2,28349,-1526970,468747,4138225,-0.07426210076163907,-57.14285828325213
CLBK,2018-12-31,FY,22736000,972060000,6691618000,226290000,0.023389502705594305,11.805097161574572
TTEK,2018-12-30,Q1,42032000,954156000,1834889000,717431000,0.17620598728090583,66.93064980644667
ESRT,2018-12-31,FY,117253000,1238482000,4195780000,731511000,0.09467477121185451,-3.0920561808686626
RUSHA,2018-12-31,FY,139062000,1066928000,3201350000,5267952000,0.13033869202045498,34.36774916727053
GWRE,2019-01-31,Q2,6245000,1514382000,2018313000,348949000,0.01649517757078465,30.60682820245991
CRTO,2018-12-31,FY,95879000,943670000,1597135000,2300314000,0.10160225502559157,-24.515844468138923
CASY,2019-01-31,Q3,178674000,1390868000,3583599000,7174513000,0.5138489058631013,25.481823446741036
CYRX,2018-12-31,FY,-9555601,38546565,56620097,19626453,-0.24789760125188845,47.50680735856158
HD,2019-02-03,FY,11121000000,-1878000000,44003000000,108203000000,-5.921725239616613,22.351560942343827
BCTF,2018-12-31,FY,1073514,46422734,383277907,17621537,0.023124747456709466,3.1913463373070625
WSCO,2018-12-31,Q1,5844,-112253,19511,20000,-0.2082438776691937,20.73272025166461
ASTE,2018-12-31,FY,-60744000,584580000,855457000,1171599000,-0.10391049984604331,38.92016523615522
MMC,2018-12-31,FY,1670000000,7584000000,21578000000,14950000000,0.22020042194092826,40.225707625146946
UCC,2018-12-31,FY,1055000000,1915000000,5777000000,136000000,0.5509138381201044,53.09871966540827
HZO,2018-12-31,Q1,4910000,361438000,695694000,241937000,0.054338503422440364,-8.956851105861185
COHU,2018-12-29,FY,-32424000,546243000,1134002000,451768000,-0.05935819772518824,38.76788836681104
HR,2018-12-31,FY,69771000,1716642000,3191247000,7992000,0.04064388498009486,16.38536516369967
VCNX,2018-12-31,FY,-29518000,-8621000,22028000,724000,3.423964737269458,34.890102387988435
HUN,2018-12-31,FY,650000000,2520000000,7953000000,9379000000,0.25793650793650796,24.987037149098295
PFHO,2018-12-31,FY,1359777,8081755,8505742,6796913,0.16825268768974067,15.730344182147087
ARAV,2018-12-31,FY,-76333000,59945000,69470000,1371000,-1.273383935274001,294.31818720599836
KEQU,2019-01-31,Q3,2885000,48990000,79562000,111802000,0.23555827719942846,-61.287313842238774
MMND,2018-12-31,Q1,47795,1835414,2152462,1221341,0.10416178584232222,4.545450112051311
AKR,2018-12-31,FY,-15698000,1459505000,3958780000,262213000,-0.010755701419316824,7.786196816702594
HCMC,2018-12-31,FY,-13163261,8426769,15172663,14647040,-1.56207687667717,0.0
SWKS,2018-12-28,Q1,284900000,4038300000,4738900000,972000000,0.2821979545848501,81.92502037304811
ADP,2018-12-31,Q2,1063600000,4763900000,38806300000,4537800000,0.893049812128718,29.33953832618805
FSBW,2018-12-31,FY,24347000,180038000,1621644000,62326000,0.13523256201468578,47.38805780938702
TRV,2018-12-31,FY,2523000000,22894000000,104233000000,30282000000,0.11020354678081594,13.979127760471034
MPAA,2018-12-31,Q3,-5084000,279788000,605849000,343720000,-0.07268360329964116,32.15144577948665
GDSI,2017-03-31,Q1,228063,-1668361,29273,0,-0.5467953278696877,273.22832610259746
CBAN,2018-12-31,FY,11917400,95692395,1251878468,49022146,0.12453863235422209,11.301366954924518
ATEN,2018-12-31,FY,-27617000,103883000,235876000,232223000,-0.2658471549724209,11.378206156884934
ESCA,2018-12-29,FY,20442000,128321000,149527000,175780000,0.15930362138699045,-14.497815502746707
FDX,2019-02-28,Q3,2509000000,19894000000,54464000000,51886000000,0.5044737106665326,-23.337019609482905
RIVX,2018-09-30,Q2,-19982,4449,24876,0,-17.96538547988312,0.0
RVSB,2018-12-31,Q3,13059000,128094000,1151225000,36654000,0.4077942760785048,12.362638316340442
UBFO,2018-12-31,FY,14017000,109240000,933058000,36615000,0.12831380446722812,12.839253713008535
WMB,2018-12-31,FY,193000000,14660000000,45302000000,8604000000,0.013165075034106412,5.215426601675526
FALC,2018-12-31,FY,-906714,-11553796,15972671,5766532,0.0784775843367842,-28.25000286102295
EPAM,2018-12-31,FY,240256000,1262596000,1611802000,1842912000,0.19028731280631334,81.45848688084169
CHDN,2018-12-31,FY,352800000,473300000,1725200000,1009000000,0.745404605958166,68.8038010486305
AVY,2018-12-29,FY,467400000,955100000,5177500000,7159000000,0.4893728405402576,46.51007227838363
NRIM,2018-12-31,FY,20004000,205947000,1502988000,64177000,0.09713178633337703,15.393980948331217
STIM,2018-12-31,FY,-24097000,71042000,117022000,52776000,-0.33919371639311957,-76.84754557749932
LCTC,2018-12-31,FY,217164,6160737,8279681,8437654,0.035249678731619286,-3.883500629100973
JOE,2018-12-31,FY,31602000,518171000,870962000,110276000,0.06098758903913959,49.202729724355535
NPK,2018-12-31,FY,39940000,366123000,413618000,323317000,0.10908902199534036,-24.213135478916783
DTH,2018-12-31,FY,85611000,-111799000,718299000,2148275000,-0.7657581910392759,12.880621667151171
KRO,2018-12-31,FY,205000000,839800000,1898100000,1661900000,0.2441057394617766,15.798607834235515
PLAB,2019-01-27,Q1,7768000,761088000,1145894000,124712000,0.04082576522031618,37.452465864444086
JVA,2018-10-31,FY,1059276,24881776,38834077,90655294,0.042572363001740714,-14.02298640159051
ACN,2019-02-28,Q2,2399169000,13337033000,27390208000,21059675000,0.7195510425744617,15.528564134566292
EQR,2018-12-31,FY,685192000,10173204000,20394209000,2578434000,0.0673526255838377,22.284500240000565
GDOT,2018-12-31,FY,118703000,909812000,2287118000,1041758000,0.13046981134564065,-71.37826812161171
PRTT,2017-09-30,Q3,-118718,-139548,0,0,3.4029294579642846,-41.47826156363823
VTVT,2018-12-31,FY,-23845000,-82853000,8559000,12434000,0.2877988727022558,-33.9622641509434
EVRG,2018-12-31,FY,546000000,10028200000,25598100000,4275900000,0.0544464609800363,13.140748351270654
SECI,2018-12-31,Q3,-973415,-10705672,0,0,0.36370066260203004,122.22222222222223
MOFG,2018-12-31,FY,30351000,357067000,3291480000,128824000,0.08500085418142814,46.31494942683905
CALA,2018-12-31,FY,-54629000,126714000,142725000,22254000,-0.4311204760326404,42.643398851633386
SINT,2018-12-31,FY,-8652000,8399000,11515000,95000,-1.0301226336468627,-72.22222222222221
KRG,2018-12-31,FY,-46451000,1412705000,3172013000,354184000,-0.032880891622808724,37.68629814363133
CNP,2018-12-31,FY,368000000,8058000000,27009000000,10589000000,0.045668900471581036,-4.675875721674386
WDAY,2019-01-31,FY,-418258000,1958442000,5520746000,2822180000,-0.21356670251148618,3.6467774812448774
DGLY,2018-12-31,FY,-15544551,-1412180,14338655,11291409,11.00748558965571,-60.82089440704159
NBR,2018-12-31,FY,-612726000,2700850000,7853944000,3057619000,-0.22686413536479255,43.5
GTES,2018-12-29,Q4,271100000,1947400000,6722600000,3347600000,0.5568450241347438,3.549851020798888
YUMC,2018-12-31,FY,736000000,2873000000,4610000000,8415000000,0.2561782109293422,43.54310414658632
CNSL,2018-12-31,FY,-50571000,415654000,3535261000,1399074000,-0.1216660972828362,-60.93117560338963
THG,2018-12-31,FY,391000000,2954700000,12399700000,4494300000,0.13233153958100652,16.596726736798033
CARA,2018-12-31,FY,-74013000,133630000,190823000,13469000,-0.5538651500411584,26.230768057016224
LOPE,2018-12-31,FY,229011000,1213597000,1324017000,845501000,0.18870432276942017,0.4264652222928148
IBKR,2018-12-31,FY,1125000000,1282000000,60547000000,2366000000,0.8775351014040562,-14.784998363135438
IESC,2018-12-31,Q1,6983000,225231000,423137000,243842000,0.12401490025795739,67.71703925280508
PRPL,2018-12-31,FY,-19614000,-662000,71709000,285791000,29.628398791540786,45.500847013392324
MTSI,2018-12-28,Q1,-23396000,657256000,1457843000,150689000,-0.1423859196416617,82.86666870117188
IGXT,2018-12-31,FY,-10108000,9987000,20018000,1824000,-1.0121157504756184,-20.370372210019827
SOHO,2018-12-31,FY,-608157,81824666,493482847,178173121,-0.007432440970794796,19.429583775569327
CTLT,2018-12-31,Q2,34600000.0,1563000000.0,4441600000.0,1174800000.0,0.08854766474728087,81.65490325619521
IDN,2018-12-31,FY,-3963576,12919705,14460781,4433454,-0.3067853329468436,236.91587311720355
ORGO,2018-12-31,FY,-64831000,47041000,163678000,193449000,-1.3781807359537426,-52.31526764048563
GSHD,2018-12-31,FY,-18667000,82595000,34798000,60148000,-0.22600641685332043,61.01179291345643
GDEN,2018-12-31,FY,-20914000,315152000,1366569000,851794000,-0.06636162867441743,19.35081331391219
KFRC,2018-12-31,FY,57980000,168331000,379908000,1418353000,0.3444404179859919,28.78395729809139
PRU,2018-12-31,FY,4088000000,48617000000,815078000000,62992000000,0.08408581360429479,13.893309353366037
LTC,2018-12-31,FY,155076000,825490000,1513620000,168645000,0.1878593320330955,6.525914589221723
WSFS,2018-12-31,FY,134743000,820920000,7248870000,292973000,0.1641365784729328,16.380899787570367
AMS,2018-12-31,FY,1630000,25102000,57502000,19714000,0.06493506493506493,6.722682341118066
LAUR,2018-12-31,FY,370930000,2061079000,6769636000,3350224000,0.17996884156308418,13.28739927127767
SATS,2018-12-31,FY,-38633000,4140199000,8661294000,2091363000,-0.009331193983670834,46.352669884756786
ETNI,2018-11-30,Q1,220011,-4278,1189,0,-205.71388499298737,-3.9698820095251155
ASGN,2018-12-31,FY,157706000,1182062000,2687851000,3399781000,0.13341601371163272,31.50458379622993
PW,2018-12-31,FY,838811,8698756,21895136,1974623,0.09642884568782019,58.75000883426
PEB,2018-12-31,FY,13385000,3759835000,6978348000,828678000,0.003559996648789109,-5.15718513604732
EHC,2018-12-31,FY,375400000,1276700000,5175000000,4277300000,0.29403932012219003,12.317668645574036
SP,2018-12-31,FY,56400000,368500000,1072300000,1468400000,0.15305291723202172,43.838863783285944
PMPG,2017-06-30,Q2,-36226,-899346,84,0,0.16112152608673413,18.738400044855535
FRAF,2018-12-31,FY,6125000,118396000,1209587000,44868000,0.05173316666103585,21.841273232111856
SQ,2018-12-31,FY,-38453000,1120501000,3281023000,3205500000,-0.034317684678550044,10.18006608832075
AMSF,2018-12-31,FY,71632000,409762000,1515931000,377753000,0.1748136723268629,16.898920882746136
SUM,2018-12-29,FY,36330000,1327741000,3857641000,1600159000,0.027362264176522377,92.25806683739802
INN,2018-12-31,FY,91126000,1189849000,2222297000,567270000,0.07658618866763765,26.618707856512486
FISI,2018-12-31,FY,39526000,396293000,4311698000,152732000,0.09973933428044401,24.669260561775754
EXPE,2018-12-31,FY,398000000,4104000000,18033000000,11223000000,0.09697855750487329,-4.332006051230655
PZZA,2018-12-30,FY,3245000,-317359000,570947000,1573316000,-0.010225013312998844,61.91910791472518
WNDW,2018-11-30,Q1,-1686916,20074411,20235239,0,-0.3361326018481937,-11.4206088360584
KNIT,2018-12-31,Q1,-10077,-30862,1407,5475,1.3060721923400946,263.6363557547579
PFG,2018-12-31,FY,1553700000,11390000000,243036100000,14237200000,0.1364091308165057,23.726519790308235
UBOH,2018-12-31,FY,8220000,80944000,830300000,34365000,0.10155169005732358,13.816177707725219
RL,2018-12-29,Q3,399300000,3353900000,6092000000,4807300000,0.47622171203673336,13.483476417051646
SUI,2018-12-31,FY,120158000,3106823000,6710026000,1126825000,0.038675521585877275,46.19997865179724
WASH,2018-12-31,Q4,68432000,448184000,5010766000,176407000,0.610749156596398,14.264680766092036
PPL,2018-12-31,FY,1827000000,11657000000,43396000000,7785000000,0.15672986188556232,25.90892433817931
LFUS,2018-12-29,FY,164565000,1478211000,2614306000,1718468000,0.1113271380066851,11.9780785261725
INTV,2018-12-31,Q2,-1171446,272567,1522095,202715,-17.19131076029013,-92.72727272727272
FCAP,2018-12-31,FY,9266000,85844000,794162000,28886000,0.1079399841573086,61.53484813095547
RBCN,2018-12-31,FY,963000,34600000,35794000,3878000,0.027832369942196532,5.316450561856009
CARV,2018-12-31,Q3,-4396000,47895000,590425000,17606000,-0.36713644430525105,-19.12751441592329
UTI,2018-12-31,Q1,-7717000,118181000,271163000,83050000,-0.2611925774870749,101.0958893372029
RDGL,2018-12-31,FY,-7702845,-942174,16486,0,8.175607690299245,-36.71875131371459
TLSS,2018-09-30,Q3,-22919134,-16278271,5953273,8831751,5.631834978051416,328.99999618530273
TGI,2018-12-31,Q3,-122155000,-276497000,3330514000,2495903000,1.7671801140699537,116.34781878927481
ACM,2018-12-31,Q1,65086000,4077800000,14767650000,5037495000,0.06384422973171808,63.660373327867035
ENSG,2018-12-31,FY,92528000,590935000,1181958000,2040659000,0.15657898076776633,22.663548012231
DXCM,2018-12-31,FY,-127100000,663300000,1916000000,1031600000,-0.19161766922960952,80.45909593842379
PLBC,2018-12-31,FY,13992000,66932000,824398000,34322000,0.209047989003765,14.751213194720902
PENN,2018-12-31,FY,93514000,731226000,10961012000,3587918000,0.1278865904658751,35.42219916791789
DBS,2018-12-31,FY,-2683659,13828606,13923000,337011,-0.1940657648355879,11.868149252606502
USAC,2018-12-31,FY,-456136,12632666,44528989,11459287,-0.03610765930168659,38.674889328222385
ETCK,2018-12-31,FY,-932402,-7264916,318444,194681,0.12834312193010902,0.0
AYTU,2018-12-31,Q2,-8104145,19897863,42399201,3226820,-1.6291488186444947,18.9873417721519
LQDA,2018-12-31,FY,-53135859,18687671,49418258,2706981,-2.843364429949564,-78.94736853691917
TAYD,2018-11-30,Q2,1116349,34805341,40506534,16793253,0.12829628648085936,-12.816324039381378
CPS,2018-12-31,FY,104589000,831465000,2623103000,3629293000,0.12578881853114682,-48.14874494799773
CCS,2018-12-31,FY,96455000,859359000,2254255000,2147413000,0.11224063517109846,57.300111578788474
SRG,2018-12-31,FY,-114878000,780770000,2876076000,214754000,-0.14713423927661154,23.507572049751296
COO,2019-01-31,Q1,103200000,3425500000,6298600000,628100000,0.1205079550430594,26.775714419588002
GWRS,2018-12-31,FY,3103000,27871000,262461000,35515000,0.1113343618815256,30.571985432296135
VSH,2018-12-31,FY,346537000,1382384000,3106198000,3034689000,0.25068070811004756,18.933924509027182
BHB,2018-12-31,FY,32937000,370579000,3608487000,127451000,0.08887983398951371,12.572446083175027
DIN,2018-12-31,FY,80354000,-202273000,1774700000,780900000,-0.397255194712097,25.007432258813004
WVVI,2018-12-31,FY,2858580,47560268,61482536,23079739,0.060104371152828656,1.3062431688231264
USAU,2019-01-31,Q3,-6555305,7678512,8007610,0,-3.414882987745542,-17.171715906768025
ELS,2018-12-31,FY,226386000,1121552000,3925808000,986653000,0.2018506498138294,43.62195402521856
PCYN,2018-12-31,Q2,19211,2050984,2427667,2005088,0.03746689393968944,-6.8965453455194
CNMD,2018-12-31,FY,40854000,662270000,1369138000,859634000,0.06168783124707446,72.28972876669286
MTW,2018-12-31,FY,-67100000,601300000,1541900000,1846800000,-0.11159155163811742,17.738651663396496
CMTL,2019-01-31,Q2,11294000,512877000,843327000,324977000,0.08808349760273906,19.46335900679152
AIZ,2018-12-31,FY,252600000.0,5112000000.0,41089300000.0,8057600000.0,0.049413145539906105,46.243291012259576
ANSS,2018-12-31,FY,419375000,2649547000,3265964000,1293636000,0.15828177420517545,79.6557880277327
SXT,2018-12-31,FY,157360000,859947000,1824940000,1386815000,0.18298802135480444,17.726055141194347
BMS,2018-12-31,FY,225700000,1215900000,3571000000,4089900000,0.18562381774817008,24.727664698925654
CALX,2018-12-31,FY,-19298000,151934000,317080000,441320000,-0.12701567786012347,-15.897437853690905
RGUS,2019-01-31,Q3,-1766053,-2851868,112236,75000,2.477047324770992,-22.04899760652173
GDSI,2016-06-30,Q2,-230264,-1314470,30232,14386,0.700705227201838,-42.42424114142895
ATOM,2018-12-31,FY,-12897000,17746000,19357000,246000,-0.7267553251436943,6.271779579605724
SIRI,2018-12-31,FY,1175893000,-1816921000,8172736000,5770692000,-0.6471899438665742,24.168127937329402
MKL,2018-12-31,FY,-130353000,9080653000,33306263000,6841285000,-0.014355024908450966,9.821294386235836
DAL,2018-12-31,FY,3935000000,13687000000,60266000000,44438000000,0.2874990867246292,17.555106319967013
CROX,2018-12-31,FY,50437000,150308000,468901000,1088205000,0.33555765494850576,59.73826301471801
HES,2018-12-31,FY,-115000000,9629000000,21433000000,6466000000,-0.011943088586561429,63.33333710093557
COKE,2018-12-30,FY,-15156000,358187000,3009928000,4625364000,-0.04231309344001876,65.54853185988271
HPP,2018-12-31,FY,111781000,3543546000,7070879000,728418000,0.031544955251039494,28.56160115947896
PLUG,2018-12-31,FY,-78115000,2713000,390326000,174632000,-28.792849244378917,148.3870887111303
MGNX,2018-12-31,FY,-171453000,242877000,332130000,60121000,-0.7059252214083672,-17.48031732574699
HYSR,2018-12-31,Q2,-1520574,-14112922,158512,0,0.43097354325348075,-63.63636171214343
BGNE,2018-12-31,FY,-674033000,1739202000,2249684000,198220000,-0.387553027192931,18.63681763396507
STXS,2018-12-31,FY,116756,1311143,18514607,29346617,0.08904902058738062,379.6295946762899
INVU,2018-12-31,Q3,-1010697,-1759911,5583518,23342603,2.297154799305192,566.6666459706097
LFER,2018-11-30,Q2,-2079254,318086,3630932,2386384,-26.147067145363202,-81.77022230226444
GSIT,2018-12-31,Q3,265000,91207000,104077000,38800000,0.01162191498459548,37.548645044915006
VFC,2018-12-29,Q3,1130988000,4300624000,10284310000,10635691000,1.0519292084125467,48.805046804122306
ADBE,2018-11-30,FY,2590774000,9362114000,18768682000,9030008000,0.27672959333757313,23.372792671013052
MSCI,2018-12-31,FY,507885000,-166494000,3387952000,1433984000,-3.0504702872175575,74.2657710040973
SYEV,2018-11-30,Q3,-163087,3518494,3906707,2479023,-0.18540546040436617,-40.71762809768653
SMTC,2019-01-27,FY,63056000,682681000,1062881000,627196000,0.09236524819058975,10.45215836056102
YEXT,2019-01-31,FY,-74837000,84549000,267128000,228283000,-0.8851316987782233,-1.5394468811363344
REZI,2018-12-31,FY,405000000,1533000000,4972000000,4827000000,0.26418786692759294,-42.87104522152069
FCUV,2018-12-31,FY,-2024664,9065935,9277911,308129,-0.22332655153605227,-32.432433216131265
TTOO,2018-12-31,FY,-51153000,11387000,64309000,10500000,-4.492227979274611,-63.78737541528239
HUBB,2018-12-31,FY,366100000,1780600000,4872100000,4481700000,0.20560485229697856,49.02355420126672
IRDM,2018-12-31,FY,-13384000,1601577000,4014271000,523008000,-0.008356763365108264,35.66395475128278
UMBF,2018-12-31,FY,195513000,2228470000,23351119000,731961000,0.08773418533792243,12.90797926786845
SSP,2018-12-31,FY,19749000,926165000,2130061000,1208425000,0.021323414294429178,2.670057778235854
FFBW,2018-12-31,FY,1058000,60362000,262726000,10609000,0.017527583579072928,16.05184604560921
QTWO,2018-12-31,FY,-35397000,158900000,463720000,241100000,-0.22276274386406544,63.53178612905225
ADM,2018-12-31,FY,1815000000,18996000000,40833000000,64341000000,0.09554643082754265,12.570167336434501
WCFB,2018-12-31,FY,226407,27770875,137364472,4078911,0.008152677940468206,4.3689395673698
PEP,2018-12-29,FY,12559000000,14518000000,77648000000,64661000000,0.8650640584102494,24.493111067144955
ORLY,2018-12-31,FY,1324487000,353667000,7980789000,9536428000,3.745011550413242,27.06125717395322
MOTS,2018-12-31,FY,-22257000,18517000,22954000,36000,-1.2019765620780904,-28.617363344051448
KMB,2018-12-31,FY,1445000000,-287000000,14518000000,18486000000,-5.034843205574913,20.142176984807637
NRIS,2018-11-30,Q3,-574055,910484,2741125,410524,-2.521977321951841,-83.59343681063868
LXFR,2018-12-31,FY,25000000,184300000,390400000,487900000,0.13564839934888767,5.7855956115616705
CAR,2018-12-31,FY,165000000,414000000,19149000000,9124000000,0.39855072463768115,45.37366979823679
LH,2018-12-31,FY,883900000,6971400000,16185300000,11333400000,0.12678945405513958,33.23045238567789
HTBI,2018-12-31,Q2,15831000,410970000,3413099000,66680000,0.1540842397255274,3.017566840984827
LIN,2018-12-31,FY,4381000000,51596000000,93386000000,14900000000,0.08490968292115668,35.53576941351936
ANIX,2019-01-31,Q1,-4966609,5479415,6470349,0,-3.6256490884519605,-29.629633244379505
AXS,2018-12-31,FY,43021000,5030071000,24132566000,5090406000,0.00855276197890646,14.949653973564237
GNE,2018-12-31,FY,21400000,103671000,146864000,280309000,0.20642223958484052,29.85074048537909
TENB,2018-12-31,FY,-73521000,121763000,460612000,267360000,-0.603804111265327,5.5881015830305625
NSPR,2018-12-31,FY,-7240000,8763000,12288000,3601000,-0.8262010726920005,-87.5
PHM,2018-12-31,FY,1022023000,4817782000,10172976000,10188331000,0.21213558438302108,49.28818614372485
WLFC,2018-12-31,FY,43231000,286787000,1934943000,348347000,0.15074253714429175,68.52602296183252
OGE,2018-12-31,FY,425500000,4005100000,10748600000,2211700000,0.10623954458065966,12.936973392412638
TPR,2018-12-29,Q2,377100000,3488400000,7119300000,3182000000,0.4324045407636739,-20.355558042173033
CUE,2018-12-31,FY,-38980313,33971469,45363100,1142604,-1.1474426672570444,238.72341962462974
CVR,2018-12-31,FY,2001185,29759749,33246625,37174249,0.06724468677474396,-16.190477401491197
AGR,2018-12-31,FY,598000000,15104000000,32167000000,6478000000,0.03959216101694915,1.5971236466830296
TSLA,2018-12-31,FY,-1062582000,4923243000,29739614000,21461268000,-0.21582968787037324,24.609379667806692
STRL,2018-12-31,FY,29540000,164401000,482573000,1037667000,0.17968260533695052,31.864088190613653
BABB,2018-11-30,FY,507875,3000062,4365637,2173331,0.1692881680445271,20.588232973867658
WNC,2018-12-31,FY,69421000,473849000,1304393000,2267278000,0.14650447716466639,10.779815410064646
PKOH,2018-12-31,FY,55900000,304200000,1223700000,1658100000,0.18376068376068377,9.058327267086415
APOG,2018-12-01,Q3,57778000,530874000,1080980000,1056382000,0.4353424729785222,3.4632105673722413
FRME,2018-12-31,FY,159139000,1408260000,9884716000,407944000,0.11300399074034624,21.243065894525348
BRVO,2017-12-31,FY,-1765004,-2179666,474,1815978,0.8097589263676178,-42.954548071484936
MITK,2018-12-31,Q1,-3191000,95568000,126177000,17683000,-0.13355935041017913,-28.862166894410436
DGII,2018-12-31,Q1,4682000,335010000,381727000,62313000,0.055902808871376976,78.98909011721214
DHIL,2018-12-31,FY,46314388,195575943,325727843,145627748,0.23681025022591864,-5.045161217864781
NEPH,2018-12-31,FY,-3325000,3798000,10558000,5687000,-0.8754607688256978,82.2612119471408
NAII,2018-12-31,Q2,4740000,75130000,92830000,72575000,0.2523625715426594,-21.66836348903934
INVE,2018-12-31,FY,-4703000,33870000,66306000,78142000,-0.13885444346028933,55.27778612978687
AQMS,2018-12-31,FY,-40254000,50090000,71371000,4449000,-0.8036334597724096,-54.39560662690971
MGRC,2018-12-31,FY,79406000,571535000,1217316000,96649000,0.13893462342638682,50.87412365888159
LTBR,2018-12-31,FY,-15676108,25868395,26344714,0,-0.6059946123445231,-28.939392045619154
AWI,2018-12-31,FY,185900000,261200000,1873500000,975300000,0.7117151607963247,60.917367535110486
AGO,2018-12-31,FY,521000000,6555000000,13603000000,1002000000,0.07948131197559115,28.396037338592862
INIS,2018-12-31,FY,-663946,-1603741,12990076,10368823,0.4139982702942682,-16.666663562258016
PLYZ,2018-12-31,Q3,-22987674,-1279974,234212,0,71.83794045816556,-45.58823516521487
QNST,2018-12-31,Q2,58123000,211206000,287749000,216965000,1.1007831216916186,-5.175595949510612
INBK,2018-12-31,FY,21900000,288735000,3541692000,115467000,0.07584809600498728,16.682973377277
JAZZ,2018-12-31,FY,447098000,2757422000,5203491000,1890922000,0.162143480395819,19.917711353955962
GSTX,2018-12-31,Q1,-278644,-639596,164784,0,1.7426250320514824,-16.666666666666664
LDOS,2018-12-28,FY,582000000,3308000000,8770000000,10194000000,0.1759371221281741,87.46183300857447
CASA,2018-12-31,FY,73006000,74856000,474649000,297127000,0.9752858822272096,-69.15460658465261
RIG,2018-12-31,FY,-2003000000,13107000000,25665000000,3018000000,-0.15281910429541468,-2.017289125811147
HCI,2018-12-31,FY,17725000,181441000,832863000,231292000,0.09769015823325489,-9.97834984804652
BCML,2018-12-31,FY,14493000,200753000,1478395000,56860000,0.07219319262974899,-2.208749352583594
BNGO,2018-12-31,FY,-18496392,10137351,24802421,12000735,-1.824578432768087,-77.29007772518251
MMEX,2019-01-31,Q3,-3503165,-3449098,729012,0,4.06270277040548,-99.86666666666667
PM,2018-12-31,FY,8286000000,-12459000000,39801000000,29625000000,-0.6650614013965808,28.370272926838382
COLB,2018-12-31,FY,172882000,2033649000,13095145000,497069000,0.08501073685773701,12.56543798168567
KMI,2018-12-31,FY,1919000000,33678000000,78866000000,14144000000,0.05698081833838114,36.73602425333905
TER,2018-12-31,FY,451779000,1522354000,2706606000,2100802000,0.29676343347210965,119.12047155883572
IOSP,2018-12-31,FY,85000000,825500000,1473400000,1476900000,0.1029678982434888,67.24417701208763
GNRC,2018-12-31,FY,241220000,760549000,2426314000,2023464000,0.31716562640934376,103.46076699054238
TDC,2018-12-31,FY,30000000,495000000,2360000000,2164000000,0.06060606060606061,-31.204382247775523
XELA,2018-12-31,FY,-162517000,-181006000,1639782000,1586222000,0.8978542147774107,-90.15424164524421
APTV,2018-12-31,FY,1107000000,3459000000,12480000000,14435000000,0.32003469210754554,54.701966009603595
TWOU,2018-12-31,FY,-38330000,705009000,807354000,411769000,-0.05436810026538668,-52.43363025364821
DBX,2018-12-31,FY,-484900000,676800000,1694100000,1391700000,-0.7164598108747045,-13.852177588999332
OLED,2018-12-31,FY,58840000,690506000,933424000,247414000,0.08521287287872951,122.10110933206961
CADE,2018-12-31,FY,166261000,1438274000,12730285000,512666000,0.11559758432676945,20.658001729018142
WNEB,2018-12-31,FY,16408000,237029000,2118822000,78990000,0.0692235971125896,-3.8844655857027885
AVAV,2019-01-26,Q3,41716000,455566000,498963000,226344000,0.3662784316652252,-10.806201367120117
CPSI,2018-12-31,FY,17632000,159783000,327746000,280411000,0.11034966172871957,5.458162992284965
JACK,2019-01-20,Q1,34098000,-607296000,828852000,290786000,-0.22458899778691116,0.7471960788524022
STKL,2018-12-29,FY,-109143000,130335000,896738000,1260852000,-0.8374036137645299,-35.658912579605314
VICR,2018-12-31,FY,31846000,183656000,221068000,291220000,0.17340027007013112,21.249003928966484
KIRK,2019-02-02,FY,3780000,130800000,277148000,647071000,0.02889908256880734,-88.99521533829567
LII,2018-12-31,FY,359000000,-149600000,1817200000,3883900000,-2.3997326203208558,10.879099649178926
STRT,2018-12-30,Q2,-17169000,161968000,298838000,230072000,-0.4240096809246271,-23.611109087496573
HEI,2019-01-31,Q1,88026000,1489467000,2797014000,466146000,0.2363959725190286,45.69230841461723
PCAR,2018-12-31,FY,2195100000,8592900000,25482400000,23495700000,0.25545508501204484,38.20440921980396
MSFT,2018-12-31,Q2,8420000000,92128000000,258859000000,32471000000,0.36557832580757205,55.15407779007905
NVAX,2018-12-31,FY,-184748000,-167935000,207978000,34288000,1.1001161163545419,-89.13043455726032
EACO,2018-11-30,Q1,1925000,43950000,79344000,50786000,0.1751990898748578,61.9230710543119
ADAP,2018-12-31,FY,-95514000,246885000,276736000,59505000,-0.3868764809526703,-79.82608753701915
ECOR,2018-12-31,FY,-55765455,65550091,73504336,992953,-0.8507303979181357,-76.35782704772255
DBE,2018-12-31,FY,-23697792,91215745,92751616,3666213,-0.2597993581042396,18.569135832282107
FIBK,2018-12-31,FY,160200000,1693900000,13300200000,473400000,0.09457465021547908,14.524062798512311
BECN,2018-12-31,Q1,-893000,1874176000,6348037000,1721676000,-0.0019059042480535447,-0.09457370727068447
MARA,2018-12-31,FY,-12814324,2920874,5194507,1562372,-4.387153981993061,-37.50000413921128
AMWD,2019-01-31,Q3,61664000,607972000,1532836000,1237920000,0.40570289421223343,62.44460644865466
PFTI,2018-12-31,FY,-216382,-9030645,1870377,4203556,0.023960857723894582,-51.86440675825745
AVGO,2019-02-03,Q1,471000000,23224000000,72110000000,5789000000,0.08112297623148466,12.141705548206156
QUBT,2018-12-31,FY,-30667093,-1516945,1797156,0,20.216351284983965,0.0
PHIL,2018-12-31,Q2,-1324725,-4118674,30987242,200000,1.286554847506746,-93.75
NTRS,2018-12-31,FY,1556400000,10508300000,132212500000,2321400000,0.14811149281996136,27.192253083794288
AMMJ,2018-06-30,Q2,-375942,1326615,1522015,457666,-1.1335376126457186,-55.072460916485255
RDI,2018-12-31,FY,14498000,176210000,439028000,309385000,0.08227682878383746,-22.28335474290639
VVI,2018-12-31,FY,49395000,436207000,922541000,1296184000,0.11323752255236619,35.416253991666764
KELYA,2018-12-30,FY,22900000,1159500000,2314400000,5513900000,0.0197498921949116,8.447263578636875
DAN,2018-12-31,FY,440000000,1345000000,5918000000,8143000000,0.3271375464684015,33.235507666442935
FIVN,2018-12-31,FY,-221000,142748000,394666000,257664000,-0.0015481828116681144,49.336685939089094
BK,2018-12-31,FY,4254000000,40638000000,362873000000,6432000000,0.1046803484423446,6.6071821340877035
PMTS,2018-12-31,FY,-37462000,-149576000,207204000,255814000,0.25045461838797667,-62.88209441042728
SRCL,2018-12-31,FY,-245600000,2587400000,6455500000,3485900000,-0.09492154286155986,75.03407910719653
SBT,2018-12-31,FY,63468000,335057000,3196774000,161771000,0.189424485982982,15.539567674034933
BBY,2019-02-02,FY,1464000000,3306000000,12901000000,42879000000,0.44283121597096187,43.033277741791956
NINK,2018-12-31,Q2,-278455,-2416482,430413,0,0.46092625560629047,-61.70212711992171
IRTC,2018-12-31,FY,-48280000,54422000,119710000,147293000,-0.887141229649774,-4.4761088947777194
MSTR,2018-12-31,FY,22501000,529731000,855768000,497638000,0.042476275694645016,11.17025774752324
CAT,2018-12-31,FY,6148000000,14080000000,78509000000,54722000000,0.43664772727272727,16.093495417289816
INVA,2018-12-31,FY,406328000,153583000,548193000,261004000,2.64565739697753,-18.739256818306522
EHTH,2018-12-31,FY,241000,303149000,439278000,251395000,0.0007949886029642189,149.32328339607758
GFMH,2019-01-31,Q3,-20027,-46694,3508,10873,1.7155951514113161,29.629630268396813
CSGS,2018-12-31,FY,66130000,361024000,1114362000,875059000,0.18317341783371743,62.70065433403996
FMBH,2018-12-31,FY,36600000,475864000,3839734000,124565000,0.07691273136862634,10.27569134964216
UDN,2018-12-31,FY,-2175087,29369977,29754273,645803,-0.07405817852700396,-2.7632202478826295
OKE,2018-12-31,FY,1155032000,6579543000,18231671000,11395642000,0.17554897049840695,39.79610213602538
LXP,2018-12-31,FY,230906000,1329871000,2953840000,30608000,0.17363037467543843,28.258217832455106
NDSN,2019-01-31,Q1,48567000,1401541000,3397747000,497910000,0.1386102868200074,33.10706446391144
DRRX,2018-12-31,FY,-25322000,20000000,49999000,18564000,-1.2661,635.4166215492637
GTY,2018-12-31,FY,47706000,581164000,1159175000,136106000,0.08208698405269425,10.33662336382108
HBB,2018-12-31,FY,21784000,65438000,330427000,743179000,0.33289525963507444,-18.37169494518446
UAVS,2018-12-31,FY,-2079683,6507739,6808151,107813,-0.31957074492385146,-21.42856838751807
ALCO,2018-12-31,Q1,-2503000,158781000,408754000,14779000,-0.06305540335430562,21.52541855634269
TRC,2018-12-31,FY,4235000,419296000,529048000,45619000,0.010100263298481264,-2.5331729687973636
JRSH,2018-12-31,Q3,5326997,50540771,60191416,70504646,0.42159997915346403,-4.262291083762546
TALO,2018-12-31,FY,221540000,1007496000,2479986000,891288000,0.21989169187768487,81.49510657544428
CMC,2018-11-30,Q1,19742000,1488841000,3708650000,1277342000,0.05303991494054772,10.845874950386172
APD,2018-12-31,Q1,357000000.0,10882900000.0,19142000000.0,2224000000.0,0.1312150254068309,47.03529980874317
CYBF,2018-12-31,Q3,-529584,-583557,671,0,3.630041281314422,-93.1034482315661
IWSY,2018-12-31,FY,-12550000,-3027000,10998000,4404000,4.146019160885365,-65.73033572417167
REGN,2018-12-31,FY,2444400000,8757300000,11734500000,6710800000,0.27912712822445274,0.053550791708500675
MOD,2018-12-31,Q3,79500000,533600000,1512700000,1656000000,0.595952023988006,-29.78723535649024
STLD,2018-12-31,FY,1255805000,3935071000,7703563000,11801609000,0.31913147183367213,13.382158239834736
DWOG,2018-12-31,Q1,-61441,22242287,22763953,0,-0.011049403327994103,-22.499999534338702
QRHC,2018-12-31,FY,-2438981,60542718,81587297,103805432,-0.040285290792527684,65.44117473040075
CIIT,2019-01-31,Q2,-60091,-148946,6218,0,1.613766062868422,10.344825601747921
VLGEA,2019-01-26,Q2,13839000,311540000,490400000,829678000,0.17768504846889646,-14.795149603856144
ARC,2018-12-31,FY,8727000,140269000,339716000,400784000,0.062216170358382825,-29.756093135835908
GM,2018-12-31,FY,8005000000,38860000000,227339000000,147049000000,0.20599588265568708,8.938707909036179
VRSK,2018-12-31,FY,598700000,2070600000,5900300000,2395100000,0.28914324350429826,35.3173164094743
ITRM,2018-12-31,FY,-77056000,71622000,97871000,869000,-1.0758705425707185,-7.584836276648439
FOSL,2018-12-29,FY,-938000,585543000,1575198000,2541488000,-0.001601931882030867,-50.794659908694626
ANDE,2018-12-31,FY,41225000,830322000,2392003000,3045382000,0.04964941311924771,-15.456671215205084
FSS,2018-12-31,FY,94000000,530100000,1023800000,1089500000,0.17732503301263913,62.46232387336317
NFBK,2018-12-31,FY,40079000,666439000,4408432000,147292000,0.06013903748129987,25.166043141973248
MTN,2019-01-31,Q2,107264000,1463278000,4244922000,1069582000,0.29321564323388993,25.937534928208876
HONE,2018-12-31,FY,11394000,357574000,3653121000,115708000,0.03186473289444982,23.80867581281139
MSVB,2018-12-31,FY,1413000,48843000,200662000,7276000,0.02892942693937719,15.903199663963738
LVS,2018-12-31,FY,2951000000,5684000000,22547000000,13729000000,0.5191766361717101,33.141218189326985
PG,2018-12-31,Q2,6427000000,54443000000,123687000000,34128000000,0.47220028286464744,35.41123117945694
EXDW,2018-09-30,FY,1158624,15658589,29239878,34878988,0.0739928738151311,8.10811101069608
MTEX,2018-12-31,FY,-3886000,25324000,62198000,173558000,-0.15345127152108673,-13.77659711539886
AGYS,2018-12-31,Q3,-9575000,104105000,167433000,104224000,-0.367897795494933,77.196649770094
XSNX,2018-12-31,Q1,1406086,-3192196,228480,386736,-1.7619043442194653,-28.571427355007227
APPN,2018-12-31,FY,-49451000,73192000,233180000,226743000,-0.6756339490654716,41.14564603207202
BIOL,2018-12-31,FY,-21516000,11089000,38516000,46155000,-1.9403011993867796,-48.484848484848484
WYY,2018-12-31,FY,-1456476,24416970,47055177,83678896,-0.059650153151680985,-7.142850655276464
USM,2018-12-31,FY,164000000,4057000000,7274000000,3967000000,0.0404239585900912,-31.999231628823576
AES,2018-12-31,FY,1203000000,3208000000,32521000000,10736000000,0.375,38.589217584092346
TBLT,2018-12-31,FY,-27651412,-18959307,8850698,15289400,1.4584611135839511,-82.90598290598291
TWI,2018-12-31,FY,13045000,279048000,1251256000,1602408000,0.04674822969524956,-21.67381513125097
NEM,2018-12-31,FY,380000000,10502000000,20715000000,7253000000,0.03618358407922301,26.26262070241069
TGTX,2018-12-31,FY,-173482000,24036000,83616000,152000,-7.217590281244799,164.6341618010861
ICFI,2018-12-31,FY,61400000,660417000,1213862000,1337973000,0.09297156190709809,41.540605386225444
OUT,2018-12-31,FY,107900000.0,1102800000.0,3828700000.0,1606200000.0,0.09784185709104098,48.34435935878142
MODN,2018-12-31,Q1,-4726000,50117000,162285000,35077000,-0.37719735818185446,166.89344365103736
TXN,2018-12-31,FY,5580000000,8994000000,17137000000,15784000000,0.6204136090727151,35.08995096519511
ROK,2018-12-31,Q1,80300000.0,1274300000.0,5935400000.0,1642300000.0,0.2520599544848152,34.85512921146595
TXHG,2018-12-31,Q1,9176,-1986821,2208012,1008744,-0.018473732661372113,-0.7092186401898048
DDG,2018-12-31,FY,-72951,-115755,104,0,0.6302189970195672,-10.508535159560834
AKAM,2018-12-31,FY,298373000,3191860000,5461770000,2714474000,0.09347935059808388,40.60247982794641
ZION,2018-12-31,FY,884000000,7578000000,68746000000,2481000000,0.11665347057271047,27.07412450875475
GRTS,2018-12-31,FY,-64775000,149122000,189558000,1187000,-0.434375880151822,-45.37217032635847
UWN,2019-01-31,Q3,366532,36780629,42929998,43798999,0.03986141726940015,2.834005361618721
