Symbol,EndDate,Quarter,NetIncome,StockholdersEquity,TotalAssets,NetSales,ROE,Percent_Growth
URBN,2020-01-31,FY,168096000,1455355000,3315633000,3983789000,0.11550171607614637,7.148437095456763
CCYC,2019-07-31,FY,-18036,-1152,0,0,15.65625,299.99608130392704
SXT,2019-12-31,FY,82047000,881589000,1740151000,1322934000,0.09306717756233347,11.454089489605138
RVIV,2019-11-30,Q2,-130983,546387,752097,454234,-0.958902755739064,-63.636363882663815
RCL,2019-12-31,FY,1907600000,12163846000,30320284000,10950661000,0.15682539880889645,-46.37105728406344
GLW,2019-12-31,FY,960000000,12907000000,28898000000,11503000000,0.07437824436352367,22.43214923525215
MELI,2019-12-31,FY,-171999000,1983120000,4781691000,2296314000,-0.0867315139779741,192.59887105130747
FGEN,2019-12-31,FY,-76970000,516135000,857397000,256577000,-0.14912765071153863,-11.471201303240775
GTE,2019-12-31,FY,38690000,1032610000,2044664000,570983000,0.037468163198109646,-72.86821625194155
SFDL,2019-12-31,FY,7794487,91758005,963227541,36934111,0.08494612540889485,-14.285714285714285
BHE,2019-12-31,FY,23425000,1014832000,1759874000,2268095000,0.023082638308606743,-23.632132406851888
SMME,2019-12-31,Q2,-451935,-2067699,66490,0,0.8742761881685874,-10.227268109144234
EFR,2019-12-31,Q4,-38094000,126911000,175720000,5865000,-1.200652425715659,-5.461252846506649
AON,2019-12-31,FY,1573000000,3375000000,29405000000,11013000000,0.4660740740740741,-0.662532847714731
CWK,2019-12-31,FY,200000.0,1301300000.0,7163400000.0,8751000000.0,0.00015369246138476907,-25.636010703920803
WDC,2020-01-03,Q2,-415000000,9379000000,25860000000,8274000000,-0.17699115044247787,-14.270238559982202
CTSH,2019-12-31,FY,1842000000,11022000000,16204000000,16783000000,0.16712030484485574,29.79683877110162
CCYC,2020-01-31,Q2,-29841,-30993,27567,0,3.8513212660923433,27.266846290148592
PEBO,2019-12-31,FY,53695000,594393000,4354165000,170095000,0.09033585523382678,-22.8505485030615
ADTN,2019-12-31,FY,-52982000,380426000,545118000,530061000,-0.13927018658030735,50.050552451265936
BGSF,2019-12-29,FY,13246990,68456990,115586044,294313548,0.1935082158885455,-41.348838806152344
C,2019-12-31,FY,19401000000,193242000000,1951158000000,76510000000,0.10039742913031328,-23.757666400352505
VTR,2019-12-31,FY,439297000,10445892000,24692208000,89201000,0.042054522485968644,-15.084867762340535
REGN,2019-12-31,FY,2115800000.0000002,11089700000.0,14805200000.0,7863400000.0,0.1907896516587464,28.96026074696541
VOYA,2019-12-31,FY,-301000000,9408000000,169051000000,7476000000,-0.031994047619047616,-5.296817918142401
EXTR,2019-12-31,Q2,-61276000,50927000,1014653000,522978000,-4.812849765350403,-8.276793299176179
CASH,2019-12-31,Q1,22249000,832763000,6180926000,77625000,0.10686834069236986,-2.0542318117764964
ORC,2019-12-31,FY,24265000,395507000,3882080000,142324000,0.06135163220878518,-10.085472693810097
CHH,2019-12-31,FY,222878000,-23511000,1386672000,1114820000,-9.479732890987197,1.4212522637202043
ALLE,2019-12-31,FY,402100000.0,757400000.0,2967200000.0,2854000000.0,0.5308951676789015,-8.832503548366802
FALC,2019-12-31,FY,-1751954,-14000000,15776146,16543571,0.12513957142857143,109.79021748526911
CODX,2019-12-31,FY,-6195557,1737256,2215326,214974,-3.5662890213071647,993.8547676524321
BEN,2019-12-31,Q1,348100000.0,10081600000.0,15001800000.0,1412700000.0,0.13811299793683543,-4.541956604954613
DBB,2019-12-31,FY,-743983,116953198,118554701,3406572,-0.006361373718057714,15.79651755664037
KMPR,2019-12-31,FY,531100000.0,3972300000.0,12989100000.0,5039200000.0,0.13370087858419555,-1.5999972435735885
THR,2019-12-31,Q3,14904000,369044000,646717000,295115000,0.16154171318325186,-42.537313220388874
CROX,2019-12-31,FY,119497000,131905000,738802000,1230593000,0.9059322997611917,46.407263606239454
EXPO,2020-01-03,FY,82460000,350251000,563411000,417199000,0.23543116222366245,27.774623827857642
ANET,2019-12-31,FY,859867000,2894686000,4185290000,2410706000,0.297050180917723,41.34710355316743
PMCB,2020-01-31,Q3,-3076505,4319332,5338186,0,-2.849056289259543,-67.85714442671869
FNGR,2019-11-30,Q3,-2275868,439227,6414033,5665479,-20.726121117326574,329.62963617060564
CEIX,2019-12-31,FY,93558000,435199000,2693802000,1375559000,0.2149775160328953,-55.27222833394612
FCF,2019-12-31,FY,105333000,1055665000,8308773000,325264000,0.09977881240734514,-26.119916623496092
FZMD,2019-12-31,FY,-3316495,-1222133,18381491,22900277,2.713694008753548,-36.666669978035685
ADAD,2019-10-31,FY,-126097,-21097,0,0,5.977010949424089,-89.99642883022221
KEQU,2020-01-31,Q3,-3566000,42649000,84361000,113283000,-0.3344509836104012,5.095536371550287
BLIN,2019-12-31,Q1,136000,3884000,11573000,2832000,0.1400617919670443,66.233766635889
ZUMZ,2020-02-01,FY,66881000,466086000,914258000,1034129000,0.14349497732178182,32.18779266447414
RGA,2019-12-31,FY,870000000,11601000000,76731000000,14300000000,0.07499353504008276,-29.33275783011894
JANL,2019-09-30,FY,616000,14878000,59719000,84354000,0.04140341443742439,0.0
SAH,2019-12-31,FY,144137000,944764000,4071035000,10454343000,0.15256402657171528,23.22580891270791
ALPN,2019-12-31,FY,-41852000,29474000,54093000,1740000,-1.4199633575354549,239.58333993020173
APPN,2019-12-31,FY,-50714000,205237000,371485000,260352000,-0.24709969449952982,302.53860571563666
TDY,2019-12-29,FY,402300000.0,2714700000.0,4579800000.0,3163600000.0,0.14819317051607914,10.078369653313581
BDCO,2019-12-31,FY,7361000,3486000,71444000,309262000,2.1115892139988524,-21.739128744669838
OSS,2019-12-31,FY,-900337,28766162,39778007,58308019,-0.0312984749234187,78.7128677813168
ROK,2019-12-31,Q1,315400000.0,717000000.0,7107900000.0,1684500000.0,1.7595536959553697,21.705238017762294
KALU,2019-12-31,FY,62000000.0,733900000.0,1526200000.0,1514100000.0,0.08448017441068266,-13.986835802686754
SFIX,2020-02-01,Q2,11253000,438910000,799728000,896599000,0.10255405436194208,293.242689086461
FOXF,2020-01-03,FY,94470000,422200000,609316000,751020000,0.22375651350071057,51.490399733047724
BYFC,2019-12-31,FY,-206000,48848000,440369000,16847000,-0.004217163445791025,18.18182451525167
BMY,2019-12-31,FY,3460000000,51598000000,129944000000,26145000000,0.0670568626690957,-4.315320403655453
DBS,2019-12-31,FY,1765849,15394294,15471832,305115,0.11470802103688549,44.572098894817074
RIOT,2019-12-31,FY,-20303000,26242000,30380000,6837000,-0.7736834082768081,1309.82141916317
SBRA,2019-12-31,FY,68996000,3488460000,6069299000,128058000,0.01977835491878938,-18.041238771982105
LCUT,2019-12-31,FY,-44415000,236317000,770023000,734902000,-0.1879466987140155,112.80576068701875
CPRX,2019-12-31,FY,31875337,87629956,112376230,102306337,0.3637493210655041,-10.133336385091146
LGL,2019-12-31,FY,7016000,34893000,39217000,31897000,0.20107184822170637,-25.666669209798176
CBRL,2020-01-31,Q2,104391000,629930000,2136916000,1595183000,0.6628736526280697,-11.521608553622778
GDEN,2019-12-31,FY,-39545000,289744000,1740917000,973410000,-0.13648255011320337,-0.36420237942246636
SAVE,2019-12-31,FY,335255000,2261332000,7043412000,3830536000,0.14825554142425793,-38.77449897203801
GNPX,2019-12-31,FY,-10654768,3023545,3534229,0,-3.523932337702928,1293.749931547792
HQI,2019-12-31,FY,-289979,31282082,46912062,15876460,-0.009269811389152423,43.44146484371848
BOTJ,2019-12-31,FY,5605000,61445000,725394000,29816000,0.09121979005614778,-20.694166125486145
SRDX,2019-12-31,Q1,148000,123326000,155058000,22616000,0.004800285422376466,0.36206016117302997
SRRK,2019-12-31,FY,-51000000,112901000,196381000,20492000,-0.4517231911143391,261.0015229845635
KE,2019-12-31,Q2,13210000,376838000,757965000,620469000,0.14021940462479898,-9.54415561183291
FRT,2019-12-31,FY,360542000,2535341000,6794992000,935788000,0.14220651186566224,-33.5430700760474
ETNI,2019-11-30,Q1,-17992,-50663,0,0,1.4205238536999387,-65.07483970033586
HBAN,2019-12-31,FY,1411000000,11795000000,109002000000,4201000000,0.11962696057651548,-18.30238887828548
PSTG,2020-02-02,FY,-200987000,830118000,2364204000,1643440000,-0.24211859036908007,30.236480082651774
BCML,2019-12-31,FY,17318000,254220000,1994177000,76544000,0.06812209896939658,-34.03693865005512
GBLX,2019-12-31,Q3,-4483341,8301983,20903118,2336505,-2.1601301761278,0.0
IDT,2020-01-31,Q2,-518000,56487000,439712000,664089000,-0.03668100624922548,85.58200845452471
CINF,2019-12-31,FY,1997000000,9864000000,25408000000,7924000000,0.20245336577453366,-17.993340841073437
MTRX,2019-12-31,Q2,-21857000,322795000,591888000,656774000,-0.27084682228659057,-51.35489282042437
MOFG,2019-12-31,FY,43630000,508982000,4653573000,182441000,0.08572012369789109,-33.12172274805193
BOOM,2019-12-31,FY,34041000,172141000,277421000,397550000,0.1977506811276802,-4.428121772542345
ABT,2019-12-31,FY,3687000000,31088000000,67887000000,31904000000,0.11859881626351004,24.717938141649554
APCX,2019-12-31,FY,-1343210,-7445390,84943,256138,0.18040827948569518,38.46153987229934
AMWD,2020-01-31,Q3,61848000,689285000,1593834000,1251136000,0.3589110455036741,-21.103510321600023
ICE,2019-12-31,FY,1960000000,17255000000,94493000000,6547000000,0.11359026369168357,21.988112158938048
CRAI,2019-12-28,FY,20747000,197751000,533243000,451370000,0.1049147665498531,-5.797913209804654
SP,2019-12-31,FY,51700000.0,374100000.0,1479600000.0,1663700000.0,0.13819834268912057,-32.80697613993637
DECK,2019-12-31,Q3,260052000,1123747000,1888351000,1757779000,0.9256603132199686,70.229782759701
TREX,2019-12-31,FY,144738000,449175000,592239000,745347000,0.32223075638670895,84.24567330215196
VERU,2019-12-31,Q1,-3305101,29642533,54536398,10578016,-0.4459944094521207,157.01492244136645
NTIC,2019-11-30,Q1,1359539,57673526,67927365,14631400,0.09429206738634291,-23.360651412723907
VIVE,2019-12-31,FY,-42526000,16521000,26977000,6567000,-2.5740572604563887,-64.68254226555771
GEO,2019-12-31,FY,166412000,996830000,4317534000,2477922000,0.166941203615461,-46.237206640374886
HDSN,2019-12-31,FY,-25940000,45111000,180153000,162059000,-0.5750260468621844,12.244898207432918
HUBG,2019-12-31,FY,107171000,1075279000,1991574000,3668117000,0.09966808614322423,10.2359132507066
HIW,2019-12-31,FY,141683000,2152397000,5138244000,735979000,0.06582568178639907,-21.202206019703056
AHCO,2019-12-31,FY,-12885112,-14519195,546121693,529644247,0.8874536088261091,235.51914106077078
DGL,2019-12-31,FY,21222199,108769259,108845068,3104617,0.19511210423893757,20.98983727862892
BGFV,2019-12-29,FY,8445000,180372000,688800000,996495000,0.04681990552857428,268.35015067331574
RGIN,2019-12-31,Q1,197986,-3925671,5599,0,-0.20173468433804057,42.1800946612175
TCI,2019-12-31,FY,-26137000,332603000,865918000,47970000,-0.07858317573804205,-36.86058267107812
KFFB,2019-12-31,Q2,482000,65809000,328776000,6591000,0.029296904678691366,-17.419353608162172
AIKO,2019-09-30,FY,-375478,-984662,3584,0,0.3813267903097713,99.28571495474603
SEB,2019-12-31,FY,283000000,3544000000,6285000000,6840000000,0.07985327313769752,-26.37046838839553
NGVC,2019-12-31,Q1,1868000,159092000,669332000,230030000,0.04696653508661655,37.6899727473309
XERS,2019-12-31,FY,-125580000,14436000,108987000,1627000,-8.699085619285121,-24.255319033810256
TAP,2019-12-31,FY,246200000.0,13419400000.0,28859800000.0,13009100000.0,0.018346572872110528,-15.510204774925082
SGRP,2019-12-31,Q2,-9765,4896,9996,0,-7.977941176470588,-23.07692025540133
HWBK,2019-12-31,FY,16114000,115038000,1492962000,63970000,0.14007545332846538,-17.568626721280573
LASR,2019-12-31,FY,-12884000,216608000,249966000,176619000,-0.05948072093366819,59.812617110778866
PFIS,2019-12-31,FY,25736000,299010000,2475327000,93381000,0.08607069997658941,-27.507445668026627
BSRR,2019-12-31,FY,35961000,309285000,2593819000,110947000,0.11627140016489645,-18.1318699672967
JUVF,2019-12-31,FY,5835000,73707000,670632000,25614000,0.07916480117220888,-8.52712964342044
EOLS,2019-12-31,FY,-90034000,79457000,240442000,34925000,-1.133116025019822,-72.55546513368289
MTB,2019-12-31,FY,1929149000,15716649000,119872757000,4879593000,0.1227455674552508,-27.063329862389544
LEAI,2019-12-31,FY,9950000,-39363000,17358000,75496000,-0.25277544902573484,-17.499998603016106
MRUS,2019-12-31,FY,-55151000,131300000,263376000,31133000,-0.42003808073115007,23.792616474588442
CVR,2019-12-31,FY,538314,29158027,31723376,32873002,0.018461948745709028,-8.333332101195937
TPHS,2019-12-31,FY,-2179000,59691000,345324000,4062000,-0.03650466569499589,-56.21926746881449
SHBI,2019-12-31,FY,16198000,192802000,1559235000,59767000,0.08401365131067105,-14.976960196184425
AXGN,2019-12-31,FY,-29135000,132153000,154643000,106712000,-0.22046415896725766,-2.235883913789971
EQBK,2019-12-31,FY,25579000,478060000,3949578000,175499000,0.053505836087520395,-31.19533788893275
PRO,2019-12-31,FY,-69081000,164996000,513307000,250334000,-0.41868287716065844,-16.63884798176279
CVLT,2019-12-31,Q3,-14580000,417633000,862568000,506136000,-0.13964413731673503,23.521505697947752
EAT,2019-12-25,Q2,42800000.0,-568900000.0,2503700000.0,1655300000.0,-0.3009316224292494,37.91874323262829
MNTR,2019-12-31,FY,-3418632,3012684,4966577,4326472,-1.134746292674572,-24.99999534338702
BMNM,2019-12-31,FY,14014696,40691710,280203667,16236085,0.3444115767069017,-1.7094001418896263
VIRT,2019-12-31,FY,-103705000,931374000,9609370000,108778000,-0.1113462475868985,53.7210773955327
PACV,2018-12-31,FY,-1547598,-2582711,1667871,3211573,0.5992145462655326,-83.15789473684211
ARAY,2019-12-31,Q2,1354000,56000000,479473000,188403000,0.09671428571428571,46.09929018052768
CCI,2019-12-31,FY,-3296194,82296472,119376346,2842252,-0.04005267686323175,9.609570347260641
SPXC,2019-12-31,FY,65300000.0,502400000.0,2134500000.0,1525400000.0,0.12997611464968153,5.227987011735817
WOW,2019-12-31,FY,36400000.0,-245900000.0,2471600000.0,1145800000.0,-0.14802765351769012,39.487874326804906
PDEX,2019-12-31,Q2,2354000,17872000,28726000,15201000,0.526857654431513,86.1538438130281
CNNE,2019-12-31,FY,46800000.0,1488500000.0,2092199999.9999998,1070000000.0,0.0314410480349345,19.118044831669682
SNGX,2019-12-31,FY,-9355592,1457135,7775360,4629916,-6.420538934278567,-13.10345002974587
HVT,2019-12-31,FY,21865000,260503000,560072000,802291000,0.0839337742751523,39.68253998289063
IIIN,2019-12-28,Q1,555000,246180000,306451000,97569000,0.009017791859614916,6.759254901334005
CENT,2019-12-28,Q1,-4539000,973124000,2135157000,482828000,-0.018657437284457068,18.068031879635306
NGS,2019-12-31,FY,-13864000,247693000,286577000,78444000,-0.055972514362537494,-21.207180529611275
JBL,2019-11-30,Q1,40714000,1835686000,14444963000,7505698000,0.08871669773588729,1.8882554193418968
NTPY,2019-12-31,Q3,-112610,-141234,739981,0,3.1893170199810243,-83.99999947845936
RFIL,2020-01-31,Q1,26000,31944000,39832000,12414000,0.0032556974705735034,-2.0033370641795774
HUBS,2019-12-31,FY,-53746000,649958000,1569268000,674860000,-0.08269149698903622,148.24605755249408
CRL,2019-12-28,FY,254061000,1634584000,4692790000,2621226000,0.1554285371690901,65.77319071698021
ABEO,2019-12-31,FY,-76282000,178430000,223382000,0,-0.4275177940929216,-52.90519877675841
MMMM,2019-09-30,FY,-4053212,-2662350,14700,0,1.5224189156196593,-97.19999998807907
PTON,2019-12-31,Q2,-105200000.0,1545200000.0,2584200000.0,694300000.0,-0.2723272068340668,428.52115535092895
BJRI,2019-12-31,FY,45238000,290287000,1072084000,1161450000,0.15583887669788865,0.07903739388237507
CTRE,2019-12-31,FY,46359000,927591000,1518861000,3389000,0.04997784583938395,8.531266604358093
WM,2019-12-31,FY,1671000000,7068000000,27743000000,15455000000,0.23641765704584042,2.509653065398493
CWBC,2019-12-31,FY,7963000,81978000,913870000,45739000,0.09713581692649248,-20.00000171833204
MSA,2019-12-31,FY,137649000,725800000,1739693000,1401981000,0.18965141912372555,16.365932712797974
LUV,2019-12-31,FY,2300000000,9832000000,25895000000,22428000000,0.2339300244100895,-14.505368808369267
CPS,2019-12-31,FY,62213000,856175000,2635582000,3108400000,0.0726638829678512,1.3570590018400508
HGV,2019-12-31,FY,216000000,570000000,3079000000,1838000000,0.37894736842105264,-11.195110620676436
SGMO,2019-12-31,FY,-95419000,432554000,637516000,102428000,-0.22059442289286424,98.68577524664786
PHM,2019-12-31,FY,1016700000,5458180000,10715597000,10212957000,0.1862708815026254,13.788665963962712
MGRC,2019-12-31,FY,96806000,634036000,1309875000,115303000,0.15268218208429804,-15.534360135128198
LADR,2019-12-31,FY,137001000,1458277000,6669152000,330235000,0.0939471719021832,-45.676276644199994
LMPX,2019-12-31,FY,-4029851,15847437,19908249,10858594,-0.2542903940870691,42.49997113091127
ACTG,2019-12-31,FY,-17115000,173125000,218161000,11246000,-0.09885920577617328,51.127813955356025
ADBE,2019-11-29,FY,2951458000,10530155000,20762400000,11171297000,0.28028628258558397,54.114302542750295
BFNH,2019-12-31,FY,-46538,47308,58895,17775,-0.9837236830979961,162.4999976716935
FLO,2019-12-28,FY,164538000,1263430000,3177776000,4123974000,0.13023119602985522,6.580765463875449
NPK,2019-12-31,FY,42220000,367957000,410253000,308510000,0.11474166818405411,-1.1652888182025496
GMED,2019-12-31,FY,155210000,1402452000,1532077000,785368000,0.11067045431857918,10.78465043075045
SELF,2019-12-31,FY,590619,42065916,67661343,8668322,0.0140403218605771,-6.976748312273766
ILMN,2019-12-29,FY,990000000,4613000000,7316000000,3543000000,0.21461088228918274,11.930880766988713
LEG,2019-12-31,FY,333900000.0,1312000000.0,4816400000.0,4752500000.0,0.2544969512195122,-15.955145225662262
PSA,2019-12-31,FY,1525651000,9062911000,11365444000,2846823000,0.16834006203966914,6.968442839048943
NINK,2019-12-31,Q2,-631720,-3674963,403103,5050,0.6875933172660514,-56.666667108182565
EPGG,2019-12-31,FY,-42870,-238056,3113,0,0.18008367779009982,1166.6666790843014
CL,2019-12-31,FY,2527000000,117000000,15034000000,15693000000,21.5982905982906,23.51830810963454
VSAT,2019-12-31,Q3,8915000,2006268000,4513684000,1717517000,0.01777429535834694,-54.133080236335054
HAFC,2019-12-31,FY,32788000,563267000,5538184000,246772000,0.05821040465711643,-43.60000133514404
PM,2019-12-31,FY,7728000000,-11577000000,42875000000,29805000000,-0.667530448302669,-3.784221095182641
SBOW,2019-12-31,FY,114656000,395707000,959816000,288631000,0.2897497390746183,-46.96969492631758
BWB,2019-12-31,FY,31403000,244794000,2268830000,103778000,0.12828337295848755,-9.941944209774581
PODD,2019-12-31,FY,11600000.0,75900000.0,1142900000.0,738200000.0,0.152832674571805,52.24883092450349
TGNA,2019-12-31,FY,286235000,1590377000,6953976000,2299497000,0.17997933823238138,-17.855005395773684
NNI,2019-12-31,FY,141294000,2386712000,23708970000,948677000,0.05920027217360117,16.68955550459686
HON,2019-12-31,FY,6230000000,18494000000,58679000000,36709000000,0.3368660105980318,18.152545131532484
FHI,2019-12-31,FY,277125000,1041280000,1880131000,1326894000,0.26613879071911495,-13.654497521032043
NSP,2019-12-31,FY,151099000,4079000,1394996000,4314804000,37.04314783035058,-6.566714860249694
ARC,2019-12-31,FY,2840000,143368000,363157000,382415000,0.019809162435131967,2.158271345216813
EGRX,2019-12-31,FY,14313000,179174000,254554000,195892000,0.0798832419882349,-22.969378547230242
PI,2019-12-31,FY,-22987000,125239000,215046000,152836000,-0.18354506184175856,53.093577796515255
MET,2019-12-31,FY,5909000000,66144000000,740463000000,69620000000,0.08933538945331398,-9.731219894802074
CFR,2019-12-31,FY,443599000,3911668000,34027428000,1133785000,0.113404051673097,-11.341784082982345
UNF,2019-11-30,Q1,48242000,1676008000,2123585000,465398000,0.1151354886134195,-6.253662109374999
FARO,2019-12-31,FY,-62147000,331992000,486842000,381765000,-0.18719426974143955,38.113213551077926
CRK,2019-12-31,FY,96889000,1143022000,4657122000,768689000,0.08476564755534015,-48.11664376148639
LE,2020-01-31,FY,19290000,348382000,1113629000,1450201000,0.05537025449076014,136.9957211538068
AEO,2020-02-01,FY,191257000,1247853000,3328679000,4308212000,0.15326885458463457,57.67894366024966
APH,2019-12-31,FY,1164000000.0,4530300000.0,10815500000.0,8225400000.0,0.2569366267134627,18.673194546452844
DRH,2019-12-31,FY,184211000,1912490000,3425766000,938091000,0.09631998075806933,-24.638985207891533
MSVB,2019-12-31,FY,960000,50813000,208436000,8000000,0.018892803022848483,7.297092479280486
DWSN,2019-12-31,FY,-15213000,103165000,127608000,145773000,-0.14746280230698397,-10.41666625274554
DLTR,2020-02-01,FY,827000000.0,6254800000.0,19574600000.0,23610800000.0,0.13221845622561873,16.169581968300044
PFS,2019-12-31,FY,112633000,1413840000,9808578000,371470000,0.07966460136932044,-27.586204228371457
HRTG,2019-12-31,FY,28636000,448799000,1939670000,511305000,0.06380584626971093,-21.660376494785524
AMRX,2019-12-31,FY,-603573000,232010000,3665890000,1626373000,-2.6014956251885692,-6.639007474372724
FNWB,2019-12-31,FY,9014000,176851000,1307336000,49313000,0.05096946016703326,-13.623824752841587
UNH,2019-12-31,FY,14239000000,60436000000,173889000000,242155000000,0.2356046065259117,18.154293871248793
PRPH,2019-12-31,FY,-3146000,11231000,12274000,9876000,-0.2801175318315377,394.9238506802614
GAIA,2019-12-31,FY,-18150000,68914000,106172000,53979000,-0.26337173868880054,23.02878855189743
HTLF,2019-12-31,FY,149129000,1578137000,13209597000,514329000,0.09449686560799221,-19.74266823109641
OTTW,2019-12-31,FY,1937347,50710875,300531696,12517112,0.0382037777892809,5.567609992851925
SITM,2019-12-31,FY,-6607000,62140000,123391000,84074000,-0.10632442870936595,306.9019691616881
SEEL,2019-12-31,FY,-51255000,-7000,11096000,375000,7322.142857142857,8.955219914920866
GHSI,2019-12-31,FY,-10878308,12031840,12876821,902937,-0.9041267171105999,73.18182280569366
GERN,2019-12-31,FY,-68548000,135155000,165517000,460000,-0.5071806444452666,13.970583530342754
CVTV,2019-11-30,Q3,-4646362,-952385,101081,3846,19.514637462790784,103.08123629051404
UPWK,2019-12-31,FY,-16659000,259424000,446380000,300562000,-0.06421533859627482,236.17618252486122
BCPC,2019-12-31,FY,79671000,743667000,1155682000,643705000,0.10713262791007265,11.108925731224147
PIXY,2019-11-30,Q1,-2556000,-15212000,25167000,15866000,0.6721009729161188,-73.6344537815126
GEF,2020-01-31,Q1,36100000.0,1163800000.0,5721500000.0,1112400000.0,0.12407630177006358,11.726872570985272
INFU,2019-12-31,FY,1361000,22334000,79224000,81115000,0.060938479448374674,126.26025605205878
ACAN,2019-12-31,Q1,1017985,7237183,17060147,34691,0.5626415692404075,61.86579706969519
TXMD,2019-12-31,FY,-176144999,9201120,265985637,49646937,-19.143864986001706,-51.2396694214876
ABG,2019-12-31,FY,184400000.0,646300000.0,2911300000.0,7210300000.0,0.2853164165248337,24.608642911648282
SEE,2019-12-31,FY,263000000.0,-196200000.0,5765200000.0,4791100000.0,-1.3404689092762487,13.683145110962384
PSSR,2020-01-31,Q1,-583250,42327,15574869,4225315,-55.11848229262645,-62.96296388278769
MYRG,2019-12-31,FY,36214000,364471000,1007871000,2071159000,0.0993604429433343,80.88370815260146
QPRC,2019-12-31,FY,-1310295,-5849395,5159107,4143169,0.22400521763361853,-53.781513825672356
SIGA,2019-12-31,FY,-7241147,97783756,198566190,26742085,-0.07405265758046765,51.991614863524106
VRSK,2019-12-31,FY,449900000.0,2260800000.0,7055200000.0,2607100000.0,0.19900035385704176,37.71930039666314
FPI,2019-12-31,FY,14850000,313546000,1102553000,53564000,0.04736147168198605,26.548667525020413
CUE,2019-12-31,FY,-36698957,54583896,71605009,3458331,-0.6723403730653451,-22.645670973409818
SEIC,2019-12-31,FY,501426000,1738778000,2151370000,1649885000,0.28837838988070935,-13.958464776678847
INMB,2019-12-31,FY,-7678313,23609778,24470321,0,-0.3252175009862439,155.8620631822368
XOMA,2019-12-31,FY,-1982000,43988000,95724000,17276000,-0.04505774302082386,60.29303862443969
TWO,2019-12-31,FY,323962000,4970466000,35921622000,994690000,0.06517738980610671,-57.45554145772969
MMS,2019-12-31,Q1,58734000,1299005000,1989791000,818229000,0.18085842625701978,-2.1239438688240515
AHT,2019-12-31,FY,-142679000,268762000,4691348000,1502759000,-0.5308749004695604,-90.10752674499292
CLB,2019-12-31,FY,102117000,177865000,774673000,668210000,0.5741264442133078,-31.56357329505201
ORMP,2019-11-30,Q1,-2543000,17160000,31142000,674000,-0.5927738927738928,-22.20279768373841
DHI,2019-12-31,Q1,432500000.0,10227400000.0,16322900000.0,4020700000.0,0.1691534505348378,32.682460405250296
RMBI,2019-12-31,FY,-14084486,187787446,986042071,41557900,-0.07500227677626543,-13.157897095553805
GNL,2019-12-31,FY,46476000,1697631000,3701605000,306214000,0.027376974148092252,-16.46942820266914
CPB,2020-01-26,Q2,1374000000,2494000000,11654000000,4345000000,2.2036888532477947,-4.490462592071515
SIF,2019-12-31,Q1,-1342000,35244000,111484000,26207000,-0.1523096129837703,69.62024628820002
NYCB,2019-12-31,FY,395043000,6711694000,53640821000,1805160000,0.058858911029018905,-14.143100650561365
RAIL,2019-12-31,FY,-75183000,117209000,245202000,229958000,-0.6414439164228003,12.077295075481366
LNC,2019-12-31,FY,886000000,19689000000,334761000000,17258000000,0.04499974605109452,-16.692083976092494
AXL,2019-12-31,FY,-484100000.0,977600000.0,6644600000.0,6530900000.0,-0.4951923076923077,-22.86245339980455
EGAN,2019-12-31,Q2,3190000,28882000,78758000,35344000,0.4417976594418669,49.87373448503153
TER,2019-12-31,FY,467468000,1480158000,2787014000,2294965000,0.3158230405132425,71.87269797936852
PZZA,2019-12-29,FY,5657000,-332321000,730721000,1619248000,-0.017022697933624417,37.38229635671274
NOV,2019-12-31,FY,-6093000000,7778000000,13149000000,8479000000,-0.7833633324762149,-46.18762493895342
OHI,2019-12-31,FY,351947000,4135428000,9796124000,928830000,0.08510533855262381,-13.223137369280183
FORD,2019-12-31,Q1,-81657,7662821,18705170,8392854,-0.04262503326124935,88.88888755096197
ELRE,2019-12-31,Q3,-152283,-1557828,1330,0,0.3910136420708833,-41.55844011079962
V,2019-12-31,Q1,3272000000,35270000000,74781000000,6054000000,0.37108023816274455,14.087281575584118
MCRB,2019-12-31,FY,-70279000,-48324000,132440000,27188000,1.4543291118284911,609.5651943156313
AKR,2019-12-31,FY,21204000,1542308000,4309114000,295327000,0.013748226683645549,-46.008485016463666
CFBK,2019-12-31,FY,9601000,80664000,880545000,35104000,0.11902459585440842,29.10394605826574
BSVN,2019-12-31,FY,8225000,100126000,866392000,51709000,0.08214649541577612,-24.367084150696645
GLGI,2019-11-30,Q2,1091984,3431606,42282402,38167971,1.2728547508076393,118.18181448731539
A,2020-01-31,Q1,197000000,4848000000,9501000000,1357000000,0.16254125412541254,45.554750148410946
SLGN,2019-12-31,FY,193814000,1023322000,4931059000,4489927000,0.18939688582870298,17.63192233924405
PPBI,2019-12-31,FY,159718000,2012594000,11776012000,526107000,0.07935927464754441,-6.073612661238251
JANL,2019-12-31,Q1,-120000,14693000,56777000,19821000,-0.03266861770911318,-49.43820008002292
KEY,2019-12-31,FY,1717000000,17038000000,144988000000,5235000000,0.10077473881911023,-21.096835733083896
PPC,2019-12-29,FY,456536000,2525663000,7102364000,11409219000,0.18075887400654797,-41.00609502573932
DAL,2019-12-31,FY,4767000000,15358000000,64532000000,47007000000,0.3103919781221513,-31.549249157593117
GRYN,2020-01-31,Q2,-4063542,-2141915,5099046,55774,7.588614861000553,-54.01069453945595
CASA,2019-12-31,FY,-48206000,38564000,444312000,282297000,-1.250025930920029,57.212703874109394
APHD,2019-04-30,FY,-537087,-2006707,23752,0,0.26764594930899227,-38.46153528732649
HWKN,2019-12-29,Q3,23604000,232211000,386579000,407785000,0.40659572543936334,15.263971233795438
TCMD,2019-12-31,FY,10971000,112595000,151752000,189492000,0.09743771925929215,-38.02399818006568
UBOH,2019-12-31,FY,10661000,94781000,880014000,37819000,0.11248034943712347,5.680758034632951
TDC,2019-12-31,FY,-20000000,262000000,2057000000,1899000000,-0.07633587786259542,-17.108703195325464
RMCF,2019-11-30,Q3,1558060,20296164,29177535,23724521,0.3070649212333917,-49.77272749439744
HCKT,2019-12-27,FY,23277000,137614000,193735000,282472000,0.16914703445870333,-11.698111328943392
UNAM,2019-12-31,FY,-3115703,55080325,130306525,31372814,-0.05656653260488205,-26.031750693192535
SCL,2019-12-31,FY,103101000,891783000,1579367000,1858745000,0.1156122061084367,14.603669199470678
TWI,2019-12-31,FY,-51519000,234851000,1114307000,1448666000,-0.21936887643654912,33.425416475119505
ABM,2020-01-31,Q1,28000000.0,1559700000.0,3847100000.0,1612900000.0,0.07180868115663269,-3.670681000486889
INVE,2019-12-31,FY,-1151000,35466000,74318000,83755000,-0.032453617549202056,27.482273535951368
CWGL,2019-12-31,FY,-4874000,204845000,242232000,67135000,-0.023793600039053918,-29.594594986443973
HTH,2019-12-31,FY,232977000,2103039000,15172448000,614829000,0.11078111247580287,8.98515741555411
FMBM,2019-12-31,FY,4509000,91575000,813999000,38210000,0.049238329238329236,-20.655171624545392
PLAB,2020-02-02,Q1,10928000,770676000,1125460000,159736000,0.056719036274647194,-15.331802653280599
NTRR,2019-10-31,Q3,-485069,-994457,15696,0,1.9510908968411906,12.500000909494723
XHR,2019-12-31,FY,57243000,1739021000,3263006000,1149087000,0.03291679628940651,-30.356317604518466
SAML,2019-12-31,FY,-3142000,-1189000,621000,649000,2.64255677039529,-93.44262430687745
PCH,2019-12-31,FY,55661000,1226831000,2235059000,827098000,0.04536973715206088,15.807719159292569
GWRE,2020-01-31,Q2,-34935000,1592565000,2221590000,330468000,-0.08774524116755046,1.9911092122395835
CAT,2019-12-31,FY,6094000000,14629000000,78453000000,53800000000,0.416569827055848,19.616740694390657
LEU,2019-12-31,Q4,-16500000,-336900000,455900000,209700000,0.19590382902938558,246.51162436100012
LMNR,2019-10-31,FY,-5466000,221688000,399867000,171398000,-0.02465627368193136,-25.845667672325973
BNED,2020-01-25,Q3,2083000,457446000,1428104000,1594177000,0.018214171727373284,36.871513960673454
PB,2019-12-31,FY,332552000,5970835000,32185708000,832938000,0.055696062611008346,-4.2982283546041575
APTV,2019-12-31,FY,1009000000,3819000000,13459000000,14357000000,0.2642052893427599,34.85311748769352
THC,2019-12-31,FY,154000000,-371000000,23351000000,18479000000,-0.41509433962264153,5.101242449848215
NFLX,2019-12-31,FY,1866916000,7582157000,33975712000,20156447000,0.24622491990076176,64.06650279710664
GLXZ,2019-12-31,FY,2943376,-27632622,23982981,21300996,-0.10651815813931809,10.481589999333373
TKOI,2019-12-31,FY,-1934133,4441849,8605916,11982196,-0.4354342076914366,-53.89830658299516
MRTX,2019-12-31,FY,-213256000,382295000,432200000,3335000,-0.5578309943891497,71.4573967056599
CKX,2019-12-31,FY,249933,15447455,15862530,811271,0.016179558380328668,-1.1802538656555264
FNAM,2019-12-31,FY,-793140,-333725,4242637,122686,2.3766274627312907,-33.33333333333333
LEN,2019-11-30,FY,1842119000,15949517000,29359511000,22259561000,0.11549685172284528,32.02514148599243
EBTC,2019-12-31,FY,34200000,296641000,3235049000,137108000,0.11529087348006513,-25.27310226125845
CMT,2019-12-31,FY,-15223000,84426000,179306000,284290000,-0.18031175230379268,293.5384603647085
DG,2020-01-31,FY,1712555000,6702500000,22825084000,27753973000,0.2555098843715032,26.856134518441543
WTRE,2019-12-31,FY,62541000,872353000,3550856000,687365000,0.07169230804502306,-18.437003560809956
LCTC,2019-12-31,FY,625826,6792221,9024794,8751823,0.09213863918738804,-40.83333747254461
LKQ,2019-12-31,FY,545034000,5008876000,12779956000,12506109000,0.10881363403685777,-1.008405049462304
CVS,2019-12-31,FY,6631000000,63864000000,222449000000,256776000000,0.10383001377928097,-8.601425913178128
VNJA,2019-12-31,FY,-41102,812089,812089,23002,-0.050612679152161895,-64.18636958009746
REED,2019-12-31,FY,-16112000,1147000,15992000,33820000,-14.047079337401918,-31.868131868131865
NGTF,2019-12-31,Q2,-1504122,-2964148,1550298,379488,2.029752900327514,-62.49999767169351
LOAN,2019-12-31,FY,4494510,31943418,54443026,7339705,0.1407022254162031,-16.352200314787492
CCUR,2019-12-31,Q2,6595000,57637000,67434000,3518000,0.45769210750039035,-33.33333333333333
SAMG,2019-12-31,FY,15412000,65036000,214249000,102152000,0.23697644381573282,14.944357121165005
CLEV,2020-01-31,Q2,-25727,-331432,25425,275,0.31049506384416714,-0.39999961853027344
NDAQ,2019-12-31,FY,774000000,5639000000,13924000000,4262000000,0.13725837914523853,20.578891517385028
FLWS,2019-12-29,Q2,58881000,400908000,826220000,792905000,0.5874764285072884,80.95900134992297
EVRI,2019-12-31,FY,16517000,53988000,1629223000,533227000,0.305938356671853,-1.5636636885707353
AP,2019-12-31,FY,-19560000,48900000,506560000,397904000,-0.4,84.38538898070512
HAE,2019-12-28,Q3,58902000,574580000,1237749000,749987000,0.4100525601308782,3.829673120777175
TRV,2019-12-31,FY,2622000000,25943000000,110122000000,31581000000,0.10106772539798789,1.0222776096903061
STRM,2019-10-31,Q3,-459000,18269000,31276000,15938000,-0.10049811155509333,10.399999618530273
OSUR,2019-12-31,FY,16656000,307145000,349295000,154605000,0.054228458871217175,28.891665325623972
AGIO,2019-12-31,FY,-411472000,640528000,890741000,117912000,-0.6423950241051133,-7.204185605673266
DOC,2019-12-31,FY,77186000,2408948000,4346581000,415281000,0.032041372416507126,-13.664058094063547
STCC,2019-09-30,Q3,-13066,1287561,6930153,6914675,-0.04059147488934505,8.727271495771797
BSET,2019-11-30,FY,-1928000,178670000,275766000,452087000,-0.010790843454413165,11.582486661082909
SCRH,2018-12-31,FY,-670795,-670890,73576,703833,0.9998583970546587,192.85715473625774
FNCB,2019-12-31,FY,11075000,133607000,1203541000,46056000,0.0828923634240721,-21.301772242930312
NHI,2019-12-31,FY,160449000,1497631000,3042235000,318081000,0.10713520219600155,-13.48797869462638
WRK,2019-12-31,Q1,139500000.0,11825200000.0,30936800000.0,4423700000.0,0.047187362581605385,0.3728731017969438
BDN,2019-12-31,FY,34529000,1677877000,4075969000,580417000,0.020578981653601544,-25.65079340859065
APEI,2019-12-31,FY,10013000,296733000,354897000,286270000,0.033744140355134074,7.886089432438771
HR,2019-12-31,FY,39185000,1900009000,3563855000,8073000,0.020623586519853326,-11.86694399528107
RHE,2019-12-31,FY,5500000,11743000,113758000,20134000,0.46836413182321385,180.71429526319324
EDSA,2019-12-31,Q1,-1094333,4233686,5089362,107800,-1.0339292994331652,9.512193274090777
UHT,2019-12-31,FY,18964000,181734000,488789000,77163000,0.1043503141954725,-45.36468778705304
ANSS,2019-12-31,FY,451295000,3453379000,4838887000,1515892000,0.13068215217617296,40.18491937756519
TRMK,2019-12-31,FY,150460000,1660702000,13497877000,510492000,0.09060024013941093,-21.84873768444659
URYL,2019-12-31,FY,-261735,92317,143862,0,-2.8351766196908477,-65.77947007620328
PSMT,2019-11-30,Q1,19709000,816829000,1524111000,811941000,0.09651469279371815,10.966343373490856
WABC,2019-12-31,FY,80389000,731417000,5619555000,158682000,0.10990857472549859,-19.625197109588484
PRAA,2019-12-31,FY,97679000,1169388000,4423891000,15769000,0.0835300174108166,5.3994466271822725
BGNE,2019-12-31,FY,-950578000,962205000,1612289000,428212000,-0.9879162964233194,47.80405895217148
VLGEA,2020-01-25,Q2,4572000,321982000,586772000,844824000,0.05679820611090061,-4.130055029018767
ACNB,2019-12-31,FY,23721000,189516000,1720253000,69558000,0.12516621287912366,-32.86620942748676
MCK,2019-12-31,Q3,42000000,6174000000,60873000000,172516000000,0.027210884353741496,25.92537843604039
SFBC,2019-12-31,FY,6679000,77726000,719853000,34581000,0.08593006201271132,-10.91666751437717
GRC,2019-12-31,FY,35815000,307878000,382760000,398179000,0.11632854572265637,-13.893330891927084
GTN,2019-12-31,FY,179000000,1464000000,6972000000,2122000000,0.12226775956284153,-17.863805169323893
WDDD,2019-12-31,FY,-1234471,-1444987,1773877,0,0.8543128761712043,28.260861537181732
LXP,2019-12-31,FY,285293000,1705107000,3180260000,5347000,0.16731677249580232,0.7532949582686662
IVDN,2019-10-31,FY,-841979,636778,1568510,215975,-1.3222488842265279,28.571427355007227
JJSF,2019-12-28,Q1,17059000,842520000,1096106000,282897000,0.08099036224659355,-15.774747339129041
ARTW,2019-11-30,FY,-1419586,11793582,19346938,22889173,-0.12036936699978006,43.09392243360833
AQB,2019-12-31,FY,-13227642,23760629,30233739,186738,-0.556704201727993,332.7188858271696
PYPL,2019-12-31,FY,2459000000,16885000000,51333000000,17772000000,0.14563221794492154,113.58047766485369
GEN,2019-12-31,FY,14619000,-760935000,4662140000,4565834000,-0.019211890634548284,-18.377744709760886
FTEK,2019-12-31,FY,-7852000,26175000,32224000,30467000,-0.2999808978032474,331.57894274534607
VC,2019-12-31,FY,81000000,480000000,2271000000,2945000000,0.16875,43.23825386862039
HAIN,2019-12-31,Q2,-107985000,1521083000,2284945000,988860000,-0.28396872491507696,53.967652659164436
ARW,2019-12-31,FY,-200168000,4811919000,16400796000,28916847000,-0.04159837270743751,13.429319293950567
BOKF,2019-12-31,FY,500685000,4855795000,42172021000,1531958000,0.10311081913466282,-21.46453296190811
PETS,2019-12-31,Q3,18848000,127710000,149544000,209839000,0.5903374833607392,38.775504908097744
FMNB,2019-12-31,FY,35760000,299309000,2449158000,101986000,0.11947519119037517,-20.03676204189155
ADP,2019-12-31,Q2,1234000000.0,5364400000.0,49059400000.0,7165200000.0,0.9201401834315115,2.563046989552786
ASUR,2019-12-31,FY,30001000,137579000,335044000,73150000,0.2180638033420798,-10.391202319783542
VSEC,2019-12-31,FY,37024000,363101000,845864000,752627000,0.10196611961960997,3.811778990645568
CATY,2019-12-31,FY,279135000,2294283000,18094144000,769267000,0.12166546149712132,-16.767409431515855
QCRH,2019-12-31,FY,57408000,535351000,4909050000,216076000,0.10723431916630398,-11.536710676873055
EB,2019-12-31,FY,-68760000,425815000,808015000,326801000,-0.16147857637706517,-9.023300386415404
HCAT,2019-12-31,FY,-60096000,200644000,302360000,154941000,-0.29951555989713124,25.56195601401302
EHTH,2019-12-31,FY,66887000,527164000,741634000,506201000,0.1268808188723054,-26.040803284387582
BNET,2019-12-31,Q2,-1206567,-14816653,472086,0,0.32573267390415367,-21.56862481563465
MBI,2019-12-31,FY,-359000000,826000000,7284000000,280000000,-0.4346246973365617,-30.107528315153875
TTEK,2019-12-29,Q1,47317000,1026591000,2352553000,797623000,0.18436553603138933,33.6498348230795
CETX,2019-12-31,Q1,-139254,21966080,48713569,12220083,-0.0253580065264262,0.7692274156507555
TTD,2019-12-31,FY,108318000,612517000,1728761000,661058000,0.17684080605109737,215.76332783502795
ISBA,2019-12-31,FY,13024000,210182000,1814198000,67306000,0.0619653443206364,-19.498148396748295
LDOS,2020-01-03,FY,670000000,3413000000,9367000000,11094000000,0.19630823322590096,5.6694804979169104
RDN,2019-12-31,FY,672309000,4048723000,6808313000,1526955000,0.16605458066654596,-21.26391261492799
CNDT,2019-12-31,FY,-1934000000,1300000000,4514000000,4467000000,-1.4876923076923076,-23.87096878393139
SPR,2019-12-31,FY,530100000.0,1761400000.0,7606000000.0,7863100000.0,0.3009537867605314,-48.62788139724703
UEIC,2019-12-31,FY,3630000,274399000,564159000,753477000,0.01322891118407866,1.167241924881995
MRKR,2019-12-31,FY,-21427964,44086223,46359282,213194,-0.4860467180415977,-48.26388884289765
MOV,2020-01-31,FY,42379000,526537000,847308000,700966000,0.0804862716200381,19.976775094234878
CZWI,2019-12-31,FY,9463000,150553000,1531249000,60423000,0.06285494144919065,-10.883796191842745
MRBK,2019-12-31,FY,10481000,120695000,1150019000,52863000,0.08683872571357554,3.516587744883861
ESRT,2019-12-31,FY,84290000,1228520000,3931834000,731343000,0.06861101162374239,-32.879657163648254
NEPH,2019-12-31,FY,-3179000,4675000,11629000,10334000,-0.68,-16.482406242071683
SRC,2019-12-31,FY,175266000,3413249000,5832661000,516427000,0.051348729612167174,-18.42212549221462
ATI,2019-12-31,FY,270100000.0,2090100000.0,5634600000.0,4122500000.0,0.1292282665901153,-21.006777273193073
CWST,2019-12-31,FY,31653000,122753000,932182000,743290000,0.25785927838830824,33.282641975030344
ATNI,2019-12-31,FY,1967000,676122000,1130726000,438722000,0.0029092382735660133,-22.585301425136205
BW,2019-12-31,FY,-129039000,-296356000,626519000,859111000,0.43541888809404905,-10.164838277865973
CHD,2019-12-31,FY,615900000.0,2667800000.0,6657400000.0,4357700000.0,0.2308643826373791,23.781099814931597
RSKIA,2019-10-31,Q2,1932000,39486000,43193000,7263000,0.19571493693967482,12.302485268906567
ASH,2019-12-31,Q1,32000000,3625000000,7326000000,533000000,0.03531034482758621,1.189080983437245
LIVN,2019-12-31,FY,-155176000,1383717000,2411797000,1084170000,-0.11214431852756018,-11.136154702232611
COST,2020-02-16,Q2,1803000000,16614000000,48782000000,76112000000,0.43409172986637773,9.53268541241706
DLPN,2019-12-31,FY,-1193377,9688815,42571726,25001867,-0.12317058381236508,-7.142857142857142
WTBA,2019-12-31,FY,28690000,211820000,2473691000,98675000,0.13544518931167973,-25.43893392082352
TJBH,2019-12-31,FY,-59865,-279640,4299,0,0.21407881562008296,340.0
BLBD,2020-01-04,Q1,-403000,-67856000,360934000,153217000,0.023756189577929732,-23.40603979862111
MKC,2019-11-30,FY,702700000.0,3444200000.0,10362100000.0,5347400000.0,0.2040241565530457,10.206245687866021
GD,2019-12-31,FY,3484000000,13577000000,48841000000,39350000000,0.256610444133461,-16.331160791030825
WELL,2019-12-31,FY,1330410000,15540444000,33380751000,5121306000,0.0856095231255941,-22.74394564900605
MGOM,2019-12-31,FY,-36606,-14476,37819,10000,2.528737220226582,867.7419652551824
BICX,2019-12-31,FY,-6048321,-977708,3933242,240259,6.186224312371383,-59.63636311617765
MESA,2019-12-31,Q1,10785000,438191000,1542001000,184036000,0.09845021919665169,-30.872481896988447
SWKS,2019-12-27,Q1,257100000.00000003,4267300000.0,5091800000.0,896100000.0,0.2409954772338481,23.648708464984423
HNI,2019-12-28,FY,110503000,584044000,1452512000,2246947000,0.18920321071700077,-4.325764750018156
XOM,2019-12-31,FY,14774000000,191650000000,362597000000,255583000000,0.07708844247325855,-40.856977386465466
KRNY,2019-12-31,Q2,22022000,1094570000,6610401000,117081000,0.08047726504472076,-24.367316732826243
EACO,2019-11-30,Q1,1917000,52876000,104453000,56040000,0.14501853392843633,-4.037997648116726
GM,2019-12-31,FY,6667000000,41792000000,228037000000,137237000000,0.1595281393568147,13.579238874059746
FKYS,2019-12-31,FY,10227000,128752000,1007226000,38527000,0.07943177581707468,-19.595961137251418
ATRC,2019-12-31,FY,-35194000,247343000,557880000,230807000,-0.14228823940843283,70.25531015625944
ICFI,2019-12-31,FY,68938000,714551000,1397217000,1478525000,0.09647736830541137,-18.456672293365784
GRWC,2019-12-31,Q2,-629659,943879,2569358,1235425,-2.6683886387979814,-29.285712400261204
STIM,2019-12-31,FY,-29044000,47852000,100168000,62656000,-0.6069547772297919,146.7706122164624
MBWM,2019-12-31,FY,49456000,416561000,3632915000,158337000,0.11872450853536456,-26.734306501239697
MRK,2019-12-31,FY,9843000000,25907000000,84397000000,46840000000,0.3799359246535685,-10.478278765411652
EL,2019-12-31,Q2,1159000000,4574000000,17937000000,8519000000,1.0135548753825974,27.215071434613602
ALL,2019-12-31,FY,4847000000,25998000000,119950000000,44675000000,0.1864374182629433,-4.384171132921357
WTM,2019-12-31,FY,376600000.0,3261500000.0,3983200000.0,893400000.0,0.11546834278706117,-10.14065262766711
TSBK,2019-12-31,Q1,6652000,175653000,1270542000,14191000,0.15148047571063403,-18.22461371219494
PPCB,2019-12-31,Q2,-3359049,-5671985,65425,0,2.368870157449288,-99.93157894987809
ULH,2019-12-31,FY,37586000,205217000,987997000,1511998000,0.1831524678754684,7.858659021175997
CFFI,2019-12-31,FY,18850000,164798000,1657432000,95010000,0.11438245609776818,-33.146574273732135
ATRO,2019-12-31,FY,52017000,388857000,782716000,772702000,0.13376896905546254,-54.382827721042595
GTY,2019-12-31,FY,49723000,589439000,1211777000,140655000,0.08435648133224982,-15.972005668545156
ARWR,2019-12-31,Q1,-2673728,500083831,587601634,29454579,-0.021386238340507353,23.03326586797984
NL,2019-12-31,FY,28035000,304506000,557492000,124243000,0.09206715138617959,14.833751216254853
DCAC,2019-11-30,FY,-1607429,-3515514,901909,3836820,0.45723868543831714,-63.15789667172277
BL,2019-12-31,FY,-32146000,398613000,1014552000,288976000,-0.08064463527280846,155.38207824790277
AAP,2019-12-28,FY,486896000,3549081000,11248525000,9709003000,0.13718931745992835,0.9803906526297054
ZM,2020-01-31,FY,25305000,833943000,1289845000,622658000,0.030343800475572072,387.64088131402366
HBI,2019-12-28,FY,600720000,1236595000,7353986000,6966923000,0.48578556439254567,-1.0176365051523646
AGE,2019-12-31,FY,-12384000,2218000,7442000,1728000,-5.583408476104599,-13.68131784292368
FAST,2019-12-31,FY,790900000.0,2665600000.0,3799900000.0,5333700000.0,0.2967061824729892,34.56021703407345
MWA,2019-12-31,Q1,10300000.0,595000000.0,1309000000.0,212600000.0,0.0692436974789916,0.9182021248310372
ASB,2019-12-31,FY,326790000,3922124000,32386478000,1172610000,0.0833196502711286,-23.411985210606243
HTBI,2019-12-31,Q2,17995000,416995000,3470232000,72143000,0.17261597860885622,-29.3328395885672
DBO,2019-12-31,FY,75393424,245315377,248175511,6267415,0.30733264633468127,-21.649488313959235
TAUG,2019-12-31,Q3,-2106953,-96950,685137,201881,86.92946879834966,61.57303686831844
AOS,2019-12-31,FY,370000000.0,1666800000.0,3058000000.0,2992700000.0,0.22198224142068634,14.840469742660071
PBFS,2019-12-31,Q2,-8834000,227982000,1391798000,28415000,-0.154994692563448,-30.69889375651057
SFST,2019-12-31,FY,27858000,205860000,2267195000,92652000,0.13532497814048383,-17.933637198333454
CFG,2019-12-31,FY,1791000000,22201000000,165733000000,6189000000,0.08067204179991892,-14.109823826931292
MNSB,2019-12-31,FY,13950000,137034000,1277358000,58813000,0.10179955339550768,-26.782608032226562
MTG,2019-12-31,FY,673763000,4309234000,6229571000,1213977000,0.15635331012425874,-13.690899954920885
PRED,2019-12-31,Q2,-33931151,88537136,119214242,15595898,-1.532968086973132,-90.41095911382756
NWPX,2019-12-31,FY,27902000,248158000,310245000,279317000,0.11243643162823685,-17.83248360602138
ELMD,2019-12-31,Q2,2199612,28453780,31487181,16849440,0.3092189508740139,16.416186577071993
TBTC,2019-12-31,FY,815998,4617246,9056000,7505371,0.176728292146444,-16.158535854047702
LAD,2019-12-31,FY,271500000.0,1467700000.0,6083900000.0,12672700000.0,0.18498330721537098,93.26531027450042
BDC,2019-12-31,FY,-376776000,959847000,3406759000,2131278000,-0.39253756067373236,-24.27272449840199
RAYT,2019-12-31,Q1,-240930,816165,1011335,0,-1.180790648949661,1586.0465098146235
ELS,2019-12-31,FY,295922000,1249810000,4151275000,19111000,0.236773589585617,-11.919305955956965
QRHC,2019-12-31,FY,-55240,61644052,80655933,98979140,-0.0008961124100018604,-0.45871514481795594
MASI,2019-12-28,FY,196216000,1167874000,1396128000,937837000,0.16801127518893305,67.67969243824086
INO,2019-12-31,FY,-120551777,3435099,143951597,4111930,-35.09412014035112,170.30304303036482
AGR,2019-12-31,FY,676000000,15237000000,34416000000,6338000000,0.04436568878388134,-11.90383145182114
SNWV,2019-12-31,FY,-9929839,-9563601,3381992,1528730,1.0382949895128415,21.874998253770134
HSY,2019-12-31,FY,1146752000,1739222000,8140395000,7986252000,0.6593476853443666,3.0344311086624516
SHEN,2019-12-31,FY,54935000,469422000,1860691000,633906000,0.11702689690726042,4.902669756317766
THMG,2019-12-31,FY,1087083,634697,2329938,1954398,1.7127590015393173,92.30769598154855
TTGT,2019-12-31,FY,16875000,152951000,221608000,133957000,0.11032945191597308,120.72796846107734
MPB,2019-12-31,FY,17701000,237874000,2231175000,95312000,0.07441334488006256,-19.44443966135554
GRNF,2020-01-31,Q3,-268097,-218658,0,0,4.904407796650477,-90.42424216414943
FCFS,2019-12-31,FY,164618000,1350035000,2439440000,1175561000,0.12193609795301603,-15.688942487156208
LARK,2019-12-31,FY,10662000,108607000,998465000,37111000,0.09817046783356506,-8.143711499132753
FFIV,2019-12-31,Q1,98527000,1929458000,3875360000,569305000,0.20425839795424414,25.3777328967706
KOS,2019-12-31,FY,-55777000,841702000,4317232000,1499416000,-0.06626692107182827,-59.649122293342536
KRO,2019-12-31,FY,87100000,816100000,1965800000,1731100000,0.10672711677490504,10.373137185769641
ISRG,2019-12-31,FY,1381800000.0,8263799999.999999,9733200000.0,4478500000.0,0.16721121035930336,37.70954312762503
CTXR,2019-12-31,Q1,-4322370,20376792,24982854,0,-0.8484888102111461,4.901967888289207
INLB,2019-12-31,Q1,-1975328,5717304,14643598,1532856,-1.3819996277965978,104.21053490150018
NMIH,2019-12-31,FY,171957000,930420000,1364818000,378771000,0.18481653446830465,-32.70042278986123
VLY,2019-12-31,FY,309793000,4384188000,37436020000,1321000000,0.07066143148970802,-15.982532351007125
TRN,2019-12-31,FY,136100000.0,2030100000.0,8701400000.0,3005100000.0,0.0670410324614551,17.742665340219766
BDX,2019-12-31,Q1,278000000,21202000000,51952000000,4225000000,0.052447882275257054,-8.6847805446838
ONTX,2019-12-31,FY,-21503000,11574000,23674000,2183000,-1.8578710903749784,13.157895177134971
ATUS,2019-12-31,FY,139939000,2269964000,34108122000,9760859000,0.06164811424322148,38.62473048410517
STKL,2019-12-28,FY,-604000,128021000,923359000,1190022000,-0.0047179759570695435,333.19836782696717
IRWD,2019-12-31,FY,21505000,-93251000,402748000,428413000,-0.23061414890993126,-14.50037749308622
NTNX,2020-01-31,Q2,-446864000,-66102000,1863316000,661535000,27.040876221596925,-6.005545702585676
SPGI,2019-12-31,FY,2303000000,479000000,11348000000,6699000000,4.807933194154488,17.740342284188017
TROW,2019-12-31,FY,2248900000.0,7102100000.0,9330400000.0,5617900000.0,0.31665282099660663,21.78267345914905
NWBO,2019-12-31,FY,-20296000,-43567000,9129000,2410000,0.4658571854844263,685.7142988921837
ROG,2019-12-31,FY,47319000,933900000,1273181000,898260000,0.05066816575650498,19.85889198782698
YCBD,2019-12-31,Q1,12929763,55524230,101796640,10148236,0.9314681536331075,31.41592714550659
FUSB,2019-12-31,FY,4566000,84748000,788738000,43588000,0.05387737763723038,-23.85873889751796
HURC,2019-10-31,FY,17495000,240245000,301065000,263377000,0.07282149472413578,-14.371945583273666
DHC,2019-12-31,FY,-82878000,2736519000,6653826000,1040155000,-0.030285921639864367,-51.65876627305753
LTGJ,2019-12-31,Q2,-30254,-386849,0,0,0.3128249006718384,-24.874997881241097
FISI,2019-12-31,FY,48862000,438947000,4384178000,168800000,0.11131640038546795,-30.46728736508033
INN,2019-12-31,FY,82348000,1173778000,2355683000,549348000,0.0701563668768711,-28.525124912785945
MPC,2019-12-31,FY,3255000000,33694000000,98556000000,123949000000,0.0966047367483825,-32.39834100873639
IROQ,2019-12-31,Q2,2064000,77728000,678216000,13797000,0.1062165500205846,-4.170290932802833
INVA,2019-12-31,FY,190993000,313495000,724826000,261016000,0.6092377868865532,-13.488699632727624
BAND,2019-12-31,FY,2494000,270090000,341416000,232594000,0.009233959050686809,152.7712508704418
FBIZ,2019-12-31,FY,23324000,194156000,2096779000,102040000,0.12013020457776222,-30.68742858761377
ALE,2019-12-31,FY,185500000.0,2231900000.0,5482800000.0,1240500000.0,0.08311304269904565,-24.39324834755977
PAHC,2019-12-31,Q2,14409000,217415000,788318000,403732000,0.26509670445921396,-23.076921304239313
LMNR,2020-01-31,Q1,-6904000,212817000,408648000,40483000,-0.12976406959970302,-18.1864759604702
OPHC,2019-12-31,FY,-1100000,7207000,126748000,5174000,-0.15262938809490773,23.465707575565347
JSDA,2019-12-31,FY,-2778000,7127000,9852000,11508000,-0.38978532341798794,-21.034479746495272
SRCL,2019-12-31,FY,-346000000.0,2330900000.0,6437000000.0,3308900000.0,-0.14844051653867604,7.538005437662222
SMBC,2019-12-31,Q2,15545000,248869000,2311849000,53568000,0.24985032286062145,-20.35975299537264
FMCC,2019-12-31,FY,7214000000,9122000000,2203623000000,72895000000,0.7908353431265074,-22.66666889190674
MSM,2019-11-30,Q1,65452000,1510863000,2339765000,823601000,0.17328374577972985,20.041414608801066
USEG,2019-12-31,FY,-550000,9210000,13467000,6573000,-0.05971769815418024,23.333334922790527
TBNK,2019-12-31,FY,21995000,243890000,2086313000,75568000,0.09018409938906884,-22.430512004737423
MCB,2019-12-31,FY,30134000,299124000,3357572000,129780000,0.1007408298899453,-25.17105433313784
PW,2019-12-31,FY,946894,9570753,37707801,2180898,0.09893620700481978,190.22223154703778
EBMT,2019-12-31,FY,10872000,121659000,1054260000,46511000,0.08936453529948463,-1.6830234374721345
PRI,2019-12-31,FY,366391000,1652491000,13688531000,2052504000,0.22172042086764768,2.535231020595158
BCTF,2019-12-31,FY,710179,45083239,393739355,18946988,0.015752617064625725,-23.706619061644457
ANDE,2019-12-31,FY,15060000,973610000,3900741000,8170191000,0.015468205955156583,-5.063293717874323
ANF,2020-02-01,FY,44960000,1058810000,3549665000,3623073000,0.04246276480199469,40.92851870558963
OTEX,2019-12-31,Q2,181945000,3997940000,9498233000,1468445000,0.18203874995622746,3.2221511084089016
SCYX,2019-12-31,FY,-53710000,12895000,57153000,121000,-4.165180302442807,-19.340661045088673
APVO,2019-12-31,FY,-40448000,11842000,53408000,32424000,-3.415639250126668,280.0436162043283
KAI,2019-12-28,FY,52564000,425695000,939387000,704644000,0.12347807702697941,29.341381159830465
CULP,2020-02-02,Q3,-841000,159843000,210340000,219465000,-0.02104565104508799,21.97629067571861
NUS,2019-12-31,FY,173553000,875289000,1769006000,2420416000,0.19828079639981766,30.697906226399585
CARA,2019-12-31,FY,-106373000,186713000,232959000,19886000,-0.5697139460026887,-5.090010039922901
VAPO,2019-12-31,FY,-51059000,53739000,111890000,48104000,-0.9501293287928693,120.31251029356542
KTOS,2019-12-29,FY,12600000.0,574100000.0,1186000000.0,717500000.0,0.021947395924055042,47.32142581547403
SLGD,2019-12-31,FY,-657000,23617000,26091000,28450000,-0.027818943981030613,-9.239134413589756
RLI,2019-12-31,FY,191642000,995388000,3545721000,1003591000,0.19252994812073282,14.041332471007747
HZO,2019-12-31,Q1,9059000,380747000,835406000,304172000,0.09517080896238185,119.53264360226264
GFF,2019-12-31,Q1,10612000,494693000,2257802000,548438000,0.08580675287501541,-0.34431724095874056
H,2019-12-31,FY,766000000,3962000000,8417000000,5020000000,0.193336698637052,-18.693564612876045
MU,2020-02-27,Q2,915000000,37023000000,49648000000,9941000000,0.09885746697998542,74.21905803980981
MTX,2019-12-31,FY,136400000.0,1402700000.0,3112600000.0,1791000000.0,0.09724103514650317,6.073225637915932
XCUR,2019-12-31,FY,-26303000,80747000,115263000,1296000,-0.3257458481429651,-37.76223819751382
EVR,2019-12-31,FY,353661000,869716000,2598613000,2028837000,0.40663963868665176,47.61904421732017
SASR,2019-12-31,FY,116433000,1132974000,8629002000,347869000,0.10276758336907996,-14.86272679346406
CPK,2019-12-31,FY,65153000,561577000,1783198000,479604000,0.11601792808466159,11.134298200010669
RPAY,2019-12-31,FY,-31560676,254353036,782042151,57560470,-0.1240821674328275,83.2764578881497
ALGN,2019-12-31,FY,442776000,1346169000,2500702000,2406796000,0.32891561163568617,86.51447687410942
UVSP,2019-12-31,FY,65719000,675122000,5380924000,214093000,0.09734388747515264,-24.047798240980175
RSG,2019-12-31,FY,1073800000.0,8118200000.0,22683800000.0,10299400000.0,0.13227070040156685,6.6830365689157025
SCHW,2019-12-31,FY,3704000000,21745000000,294005000000,10721000000,0.17033800873764085,10.470982755339072
VICI,2019-12-31,FY,554281000,7965183000,13265619000,894798000,0.06958798059002537,-1.1350255062163144
CETX,2019-09-30,FY,-21862716,21080230,44392697,39265041,-1.037119424218806,-22.962959733589617
AXTI,2019-12-31,FY,-1588000,187885000,223349000,83256000,-0.008451978603933256,113.79311252008881
SHW,2019-12-31,FY,1541300000.0,4123300000.0,20496200000.0,17900800000.0,0.3738025368030461,25.199641093957414
PLYZ,2019-09-30,Q2,-5307297,-3098179,606106,36512,6.852150246967654,-99.94117647269297
GYRO,2019-12-31,Q1,-3858,-28955,0,0,0.5329649456052495,-13.793105192855204
MANH,2019-12-31,FY,85762000,142278000,372279000,617949000,0.6027776606362192,29.843264014743337
NSC,2019-12-31,FY,2722000000,15184000000,37923000000,11296000000,0.17926765015806112,20.532632569814872
UNFI,2020-02-01,Q2,-413468000,1102060000,7682426000,12157189000,-1.5007095802406403,282.48587875027715
PIRS,2019-12-31,FY,-25469000,51352000,141097000,46279000,-0.49596899828633745,-29.834252979244415
CBFV,2019-12-31,FY,14327000,151097000,1321537000,51031000,0.09481988391563036,-32.81353546757254
SUWN,2020-01-31,Q3,-1373216,2388430,27661031,19255085,-2.299780190334236,21.99999955296517
INCY,2019-12-31,FY,446906000,2598406000,3426750000,2158759000,0.17199236762846146,-1.6605553748394415
RSSS,2019-12-31,Q2,-673629,2822991,11698661,15125551,-0.95448975926597,-37.49999834431538
MORN,2019-12-31,FY,152000000.0,1083600000.0,2370900000.0,1179000000.0,0.14027316352897748,48.76082213320113
VPG,2019-12-31,FY,22295000,241360000,370413000,283958000,0.0923723897911833,-7.676472383386948
LKFN,2019-12-31,FY,87047000,598011000,4946745000,215210000,0.1455608676094587,8.19537767529715
SBUX,2019-12-29,Q1,885300000.0,-6759900000.0,27731300000.0,7097100000.0,-0.523853903164248,16.66285371456572
CLSH,2019-11-30,Q2,-2658474,22528839,43311438,5915446,-0.4720126057095086,-48.83721043059088
ENB,2019-12-31,FY,5827000000,66043000000,163269000000,50069000000,0.08823039534848508,-19.964798699185373
AR,2019-12-31,FY,-293136000,6970743000,15197569000,4408690000,-0.04205233215454938,84.56141771555508
NTRS,2019-12-31,FY,1492200000.0,11091000000.0,136828400000.0,3852100000.0,0.13454152015147416,-13.488323126695995
CRAWA,2019-12-31,FY,6979863,21428532,62488006,89698527,0.3257275393386724,-5.4177199737935124
DTGI,2020-01-31,Q2,-1965000,-2712000,4143000,3146000,2.898230088495575,136.66666614926524
PLBC,2019-12-31,FY,15512000,84505000,865191000,39302000,0.18356310277498372,-12.319939739928161
BKTI,2019-12-31,FY,-2636000,23276000,37940000,40100000,-0.11324969926104142,-2.9032245759041078
FN,2019-12-27,Q2,57188000,928327000,1315028000,825513000,0.24641317122091677,17.779159689006168
NOVT,2019-12-31,FY,40773000,417172000,869736000,626099000,0.09773666497272109,33.14110894333406
LULU,2020-02-02,FY,645596000,1952218000,3281354000,3979296000,0.33069872319587257,33.40909980512946
CLF,2019-12-31,FY,292800000.0,357900000.0,3503800000.0,1989900000.0,0.818105616093881,63.69048362416238
HURN,2019-12-31,FY,41743000,585465000,1104271000,965474000,0.07129888208518016,-15.934226671172658
GPN,2019-12-31,FY,469276000,27855747000,44480162000,4911892000,0.016846649274923412,14.904692746358068
COLM,2019-12-31,FY,330489000,1849447000,2931591000,3042478000,0.17869611835321586,-12.416410957452058
ROCK,2019-12-31,FY,65091000,673964000,984450000,1047439000,0.09657934251681098,41.51466930377916
TECTP,2019-12-31,FY,7879000,50475000,365057000,18253000,0.15609707776126797,-18.96272532816706
CTBI,2019-12-31,FY,64540000,614886000,4366003000,185398000,0.10496254590281776,-21.376503754663272
MLP,2019-12-31,FY,-10366000,22692000,39119000,10045000,-0.4568129737352371,-0.266664293077257
RCAT,2020-01-31,Q3,-976242,1842820,3109752,34538,-2.1190175926026416,187.35632026411298
ICD,2019-12-31,FY,-60788000,331596000,517001000,203602000,-0.18331946103089303,-85.35606821420807
AMG,2019-12-31,FY,305100000.0,2937500000.0,7653500000.0,2239600000.0,0.10386382978723405,18.66886959362084
QMCI,2019-12-31,FY,558997,-810704,4426244,11793731,-0.6895204661627425,11.764703304297399
NYT,2019-12-29,FY,139966000,1172003000,2089138000,1812184000,0.11942460898137633,59.72004988176219
LXU,2019-12-31,FY,-63417000,247327000,1088489000,365070000,-0.25640953070226863,-38.333317221155575
PNC,2019-12-31,FY,5418000000,49314000000,410295000000,13762000000,0.10986738045990996,-9.246388093805178
UNP,2019-12-31,FY,5919000000,18128000000,61673000000,21708000000,0.3265114739629303,13.070416372776645
KRG,2019-12-31,FY,-2000,1289038000,2648887000,315173000,-1.5515446402666174e-06,-24.526373513149522
VKTX,2019-12-31,FY,-25779000,277119000,284256000,0,-0.09302501813300423,-29.80050133300355
WTER,2019-12-31,Q3,-10842818,4443531,13362708,29053052,-9.760542235442939,-19.685035152286527
XTNT,2019-12-31,FY,-8221000,-44205000,43155000,64682000,0.18597443728085059,-26.250004377216037
USFD,2019-12-28,FY,385000000,3709000000,11288000000,25939000000,0.10380156376381774,-20.709348478556834
CODA,2020-01-31,Q1,1346773,32059297,36483470,6680979,0.1680352504298519,-2.5437177803252893
HSON,2019-12-31,FY,-955000,36034000,46704000,93811000,-0.026502747405228396,-13.891212333953925
UNB,2019-12-31,FY,10648000,71843000,872912000,36002000,0.14821207354926716,-30.17098492310797
TROX,2019-12-31,FY,-97000000,748000000,5268000000,2642000000,-0.12967914438502673,22.416807783184904
EXEL,2020-01-03,FY,321012000,1685970000,1885670000,967775000,0.19040196444776597,17.989414607688893
CE,2019-12-31,FY,858000000,2507000000,9476000000,6297000000,0.3422417231751097,3.56562645525957
FDX,2020-02-29,Q3,1620000000,18831000000,70014000000,51859000000,0.3441134299824757,82.11091234347049
PAYC,2019-12-31,FY,180576000,526628000,2486917000,737671000,0.3428909970605437,69.05498558264644
DE,2020-02-02,Q1,518000000,11926000000,71821000000,7631000000,0.17373805131645145,82.44993369285172
EFX,2019-12-31,FY,-392800000.0,2578600000.0,7909000000.0,3507600000.0,-0.1523307220972621,36.133319045914014
OPTN,2019-12-31,FY,-110053000,61583000,172650000,34631000,-1.787067859636588,-53.9045566495457
ON,2019-12-31,FY,213900000.0,3301700000.0,8425500000.0,5517900000.0,0.06478480782627132,29.860545271719346
ANAB,2019-12-31,FY,-97336000,405008000,435197000,8000000,-0.2403310551890333,32.86153940054087
SBCF,2019-12-31,FY,98739000,985639000,7108511000,289823000,0.10017765124959543,-5.2993096109158495
MODN,2019-12-31,Q1,-2998000,59338000,173852000,38388000,-0.20209646432303077,1.796410246927412
HTBK,2019-12-31,FY,40461000,576708000,4109463000,142659000,0.07015855510934477,-30.943104369731284
CMCSA,2019-12-31,FY,13323000000,82726000000,263414000000,108942000000,0.1610497304354133,14.631972065253462
INTG,2019-12-31,Q2,1024000,-43670000,126217000,37886000,-0.09379436684222578,-15.514022042532499
JRVR,2019-12-31,FY,38339000,778581000,5024405000,907125000,0.0492421469314047,15.360354214226959
SSKN,2019-12-31,FY,-3790000,28653000,47343000,31586000,-0.13227236240533277,-26.92307515962583
AIHS,2019-12-31,Q3,-4726010,6369920,14711042,13643429,-2.9677044609665426,59.701494236889005
EGY,2019-12-31,FY,2563000,109720000,211537000,84521000,0.023359460444768502,-22.522522232263725
PULM,2019-12-31,FY,-20596000,11019000,36098000,7910000,-1.8691351302296033,34.88371938289734
PEP,2019-12-28,FY,7353000000,14786000000,78547000000,67161000000,0.49729473826592724,6.030261053448703
NATR,2019-12-31,FY,6929000,129436000,213068000,362215000,0.05353224759726815,63.717798274714575
TTWO,2019-12-31,Q3,281737000,2402035000,4879633000,2328429000,0.46916385481477163,65.35979453042894
CRYO,2019-09-30,FY,-1082217,-1238005,1293917,321647,0.8741620591193089,-15.138892062284201
EGLE,2019-12-31,FY,-21697115,481502937,1002087136,292377638,-0.04506123085184836,-43.16770557930264
GOGO,2019-12-31,FY,-146004000,-398890000,1214700000,835726000,0.36602572137682066,48.12499064020827
CTRA,2019-12-31,FY,-316319000,696122000,2302823000,2282007000,-0.45440167097146766,-7.639287394386457
VBFC,2019-12-31,FY,4477000,42914000,540313000,23487000,0.10432492892762268,-6.898413719176609
PRFT,2019-12-31,FY,37125000,381015000,640492000,565527000,0.09743710877524507,3.451270160886328
MOTS,2019-12-31,FY,-23086000,18328000,32257000,107000,-1.259602793539939,-59.388646288209614
PXLW,2019-12-31,FY,-9077000,47529000,64657000,68755000,-0.19097813966210103,-28.82653297061272
VRME,2019-12-31,FY,-2507799,-67680,943154,244748,37.05376773049645,13.304725831586294
INRD,2019-12-31,FY,-776098,2017266,7135246,10007655,-0.3847276462300956,-56.349205072714824
WST,2019-12-31,FY,241700000.0,1573200000.0,2341400000.0,1839900000.0,0.15363590134757182,85.15265944764462
NBR,2019-12-31,FY,-680510000,1982811000,6760658000,3043383000,-0.34320467255830234,-60.89583237965902
OFLX,2019-12-31,FY,17425000,37382000,60984000,111360000,0.4661334332031459,35.66967687249581
LSCC,2019-12-28,FY,43493000,327659000,612016000,404093000,0.13273860934691248,129.35009694189435
OXM,2020-02-01,FY,68493000,528598000,1033369000,1122790000,0.1295748375892455,-7.039045910408645
AMNB,2019-12-31,FY,20906000,320258000,2478550000,92855000,0.06527861911333988,-32.90371634616589
LPCN,2019-12-31,FY,-13007344,6287796,19658280,164990,-2.0686650775565876,245.45455075310397
XDSL,2019-12-31,Q2,-16240275,920181,9156238,15131579,-70.59600230824154,-95.0220751817185
SCND,2019-12-31,Q2,-52600,6330500,8863800,4276500,-0.03323592133322802,5.263159215615413
SYK,2019-12-31,FY,2083000000,12807000000,30167000000,14884000000,0.1626454282814086,14.72325583626507
WSM,2020-02-02,FY,356062000,1235860000,4054042000,5898008000,0.2881086854498082,83.67287887839318
INLB,2019-09-30,FY,-9948638,7460388,14474320,4933960,-1.3335282293628696,-55.19713200390905
AMAT,2020-01-26,Q1,892000000,8660000000,19767000000,4162000000,0.4120092378752887,80.06774463143532
ESGR,2019-12-31,FY,928219000,4842183000,19363315000,28453000,0.19169432464654887,-2.3494153514511598
SMMF,2019-12-31,FY,31866000,247764000,2403492000,107071000,0.12861432653654284,-17.423400837092995
WMT,2020-01-31,FY,15201000000,74669000000,236495000000,519926000000,0.20357845960170887,22.70940993407927
NRIM,2019-12-31,FY,20691000,207117000,1643996000,70083000,0.09990005648981011,-12.506530054685626
UUU,2019-12-31,Q3,-2321601,8266444,16461638,11189238,-1.123385581514857,706.4516067008694
STAA,2020-01-03,FY,14048000,159884000,206865000,150185000,0.08786370118335793,130.4246618950035
FMFG,2019-12-31,FY,4560804,49453516,442215098,18702338,0.09222405945817887,-27.989128941849607
UPS,2019-12-31,FY,4440000000,3267000000,57857000000,74094000000,1.3590449954086317,44.3960381894676
BRKR,2019-12-31,FY,198000000.0,906800000.0,2771500000.0,2072600000.0,0.21835024261138067,4.845982630666663
WMK,2019-12-28,FY,67983000,1058745000,1675562000,3543299000,0.06421092897723248,16.966710721482034
STT,2019-12-31,FY,2242000000,24431000000,245610000000,3941000000,0.09176865457819983,-9.051828281712746
CARG,2019-12-31,FY,42146000,256855000,393623000,588916000,0.1640847949232057,-7.760089592252456
EDUC,2019-11-30,Q3,5107000,29411300,71195000,92850000,0.6945629740949907,157.9207964030426
GWRS,2019-12-31,FY,2224000,24672000,266113000,35471000,0.09014267185473411,12.927762830836157
HASI,2019-12-31,FY,81920000,939912000,2387274000,141581000,0.08715709555788201,93.78495966117713
GLRE,2019-12-31,FY,-3986000,477183000,1355193000,538153000,-0.008353189447235128,-28.58555850273316
OEC,2019-12-31,FY,86920000,186013000,1257394000,1476353000,0.46727916866025493,-15.181339448971901
LAD,2019-12-31,FY,271500000.0,1467700000.0,6083900000.0,12672700000.0,0.18498330721537098,93.26531027450042
TBBA,2019-12-31,Q2,929779,25260252,301537266,6133884,0.14723194368765602,-10.588236416087431
CSGP,2019-12-31,FY,314963000,3405593000,3853986000,1399719000,0.09248404022441907,53.47149554745846
T,2019-12-31,FY,14975000000,201934000000,551669000000,181193000000,0.07415789317301692,-26.97031923577376
FOR,2019-12-31,Q1,16800000,825500000,1479900000,247200000,0.08140520896426408,-1.1510780178760187
SYRS,2019-12-31,FY,-75438000,79184000,149978000,1982000,-0.9526924631238634,62.807528920760845
ONTO,2019-12-31,FY,1910000,1264026000,1448580000,305896000,0.0015110448677479735,27.88724239571334
CMA,2019-12-31,FY,1198000000,7327000000,73402000000,2807000000,0.16350484509348984,-23.038325824804005
RBC,2019-12-28,FY,242600000.0,2351100000.0,4430700000.0,3238000000.0,0.10318574284377525,15.057712598595138
COO,2020-01-31,Q1,90500000.0,3730700000.0,6548500000.0,646200000.0,0.09703272844238346,4.9439283842936135
WFCF,2019-12-31,FY,1022970,11949122,18237461,20774416,0.08561047414194951,-50.0363380403906
PK,2019-12-31,FY,316000000,6496000000,11290000000,2844000000,0.04864532019704434,-33.668344450194425
LAND,2019-12-31,FY,1762000,276621000,816787000,40692000,0.006369726087318027,11.025438103780791
GO,2019-12-28,FY,0,745384000,2185529000,2559617000,0.0,21.35776634068901
DHR,2019-12-31,FY,3008200000.0,30270600000.0,62081600000.0,17911100000.0,0.09937695321533105,45.20458997839988
CIZN,2019-12-31,FY,5902000,112800000,1195434000,35361000,0.05232269503546099,-6.307126205201604
K,2019-12-28,FY,977000000,2747000000,17564000000,13578000000,0.35566072078631233,-10.177375715497607
SMAR,2020-01-31,FY,-95940000,514060000,797714000,270882000,-0.18663191067190602,43.85313226542267
SKY,2019-12-28,Q3,52162000,469197000,724478000,1068585000,0.44469167535171794,1.7030808644089062
DIS,2019-12-28,Q1,2147000000,89757000000,200948000000,20858000000,0.09568055973350267,20.838833250850048
RELT,2019-12-31,FY,103010,154395,305859,1822437,0.6671848181612099,-15.582769752077526
UCBI,2019-12-31,FY,185721000,1635692000,12916016000,552706000,0.11354276966568277,-9.553105361928987
ETO,2019-12-31,FY,5186000000,35307000000,98525000000,54032000000,0.14688305435182825,-2.658961517423317
AMSU,2019-12-31,FY,-84868,-614132,43922,0,0.13819178938729784,100.0
SLCA,2019-12-31,FY,-329757000,705217000,2553234000,1474477000,-0.46759649866636793,12.520324698962625
EPAM,2019-12-31,FY,261057000,1596145000,2244208000,2293798000,0.1635546895802073,65.79468039612438
FIFG,2019-12-31,FY,-2725691,-1215893,998078,326285,2.241719460511739,-20.83333255723117
GNW,2019-12-31,FY,530000000,14185000000,101342000000,8096000000,0.037363412054987666,-5.454550971669479
M,2020-02-01,FY,564000000,6377000000,21172000000,24560000000,0.08844284146150228,-8.626969633061329
SALM,2019-12-31,FY,-27839000,189663000,558430000,253898000,-0.14678139647690905,-27.083339542150252
PRTA,2019-12-31,FY,-77677000,272921000,419268000,814000,-0.2846134962131899,-22.236257239761674
LBAI,2019-12-31,FY,70672000,725263000,6711236000,256487000,0.0974432723025992,-27.96316995212423
UMBF,2019-12-31,FY,243600000,2606440000,26561355000,862892000,0.09346081244916438,-0.5973135727863584
OMQS,2019-12-31,FY,-5456000,1808000,34453000,57199000,-3.017699115044248,2.3999977111816406
SFNC,2019-12-31,FY,238167000,2988924000,21259143000,786645000,0.0796831903387306,-20.865994630660712
QTRX,2019-12-31,FY,-40796000,128658000,169951000,56734000,-0.3170887158202366,94.20228954489595
IEHC,2019-12-31,Q3,2598625,26230107,30894016,23542266,0.3962812656463811,-31.304346996804945
R,2019-12-31,FY,-24410000,2476310000,14475334000,8925801000,-0.00985740880584418,15.411524065990958
DQWS,2019-12-31,FY,-295463,-109293,365996,273659,2.7034027796839686,407.3076947765238
FHN,2019-12-31,FY,452373000,4780577000,43310900000,1624340000,0.09462728034712128,-24.214972249573812
ETSY,2019-12-31,FY,95894000,406634000,1542352000,818379000,0.23582386126098653,299.5711005763465
MAC,2019-12-31,FY,102554000,2632262000,8853571000,927462000,0.03896040743664574,-60.47548174900468
VBIX,2019-12-31,FY,-1117000,-1693000,230000,208000,0.6597755463673951,-50.0
IRDM,2019-12-31,FY,-161999000,1459282000,3623557000,560444000,-0.11101281315057679,54.3425313365622
GLDD,2019-12-31,FY,49339000,279399000,897552000,711518000,0.17658975157391402,14.29832212239926
GBLI,2019-12-31,FY,70015000,726809000,2075885000,604472000,0.09633204872256673,-5.9061763400830385
TFSL,2019-12-31,Q1,25642000,1728949000,14806191000,120052000,0.05932390139905804,-11.6869975037769
MERC,2019-12-31,FY,-9639000,550403000,2065720000,1624411000,-0.017512622569281055,-18.04878237889015
SONM,2019-12-31,FY,-25834000,25525000,55459000,116251000,-1.012105778648384,-80.22038573210715
ACN,2020-02-29,Q2,2591708000,15474589000,33503430000,22500463000,0.669926160882205,32.36612495752615
DY,2020-01-25,FY,57215000,868604000,2217631000,3339682000,0.06587006276738307,104.133544731507
TRMB,2020-01-03,FY,514500000.0,3119000000.0,6640700000.0,3264300000.0,0.16495671689644117,60.852804969711705
KAMN,2019-12-31,FY,209829000,823202000,1418943000,761608000,0.25489369559354813,-15.154730190019613
CHTR,2019-12-31,FY,1992000000,31445000000,148188000000,45764000000,0.06334870408650024,37.08666588529384
CWEN,2019-12-31,FY,-96000000,2263000000,9700000000,1032000000,-0.04242156429518339,59.248116505247935
ALLY,2019-12-31,FY,1715000000,14416000000,180644000000,6394000000,0.11896503884572697,13.743451992764308
SLNG,2019-12-31,FY,-5508000,67843000,90326000,47071000,-0.08118744748905561,-41.48935932765552
HBCP,2019-12-31,FY,27932000,316329000,2200465000,102208000,0.0883004719769607,-27.27736412683484
BBGI,2019-12-31,FY,13383642,284538540,760060229,261554114,0.04703630657555212,-50.16181214791304
WEN,2019-12-29,FY,136940000,516359000,4994529000,1709002000,0.2652030854502391,1.3086684003800237
UMH,2019-12-31,FY,27750000,546339000,1025453000,146591000,0.050792639734670235,-6.357279269556994
ACAN,2019-09-30,FY,-4903668,6110676,11766007,11564,-0.8024755362581816,-51.578945882432656
SCCO,2019-12-31,FY,1491900000.0,6810300000.0,16407400000.000002,7285600000.0,0.21906523941676578,51.29472065828313
IRIX,2019-12-28,FY,-8813000,22705000,34813000,43447000,-0.3881523893415547,-15.283838884842366
EPC,2019-12-31,Q1,22400000.0,1348100000.0,3303200000.0,454000000.0,0.06646391217268749,13.856592514173894
HQY,2020-01-31,FY,39664000,1030295000,2564981000,531993000,0.03849771182040095,26.47594026574224
OPY,2019-12-31,FY,52953000,592722000,2464755000,1033379000,0.08933867816615547,13.937408979281113
PRSI,2019-12-31,Q2,1351000,-67577000,59704000,30330000,-0.07996803646210988,-49.25742765908468
AKOM,2019-12-31,FY,-7979559,45815595,49991591,1599864,-0.17416687483814192,33.33333333333333
NVT,2019-12-31,FY,222700000.0,2592500000.0,4640300000.0,2204000000.0,0.0859016393442623,-10.672398555038006
IRM,2019-12-31,FY,268315000,1463962000,13816816000,4262584000,0.18328003049259475,-7.7816171455256695
MMC,2019-12-31,FY,1773000000,7943000000,31357000000,16652000000,0.22321540979478785,3.0428141802506548
X,2019-12-31,FY,-630000000,4092000000,11608000000,11506000000,-0.15395894428152493,44.084143329645684
AMP,2019-12-31,FY,1893000000,5729000000,151828000000,13103000000,0.3304241577936813,13.501023679885302
VERI,2019-12-31,FY,-62078000,47411000,108526000,49648000,-1.3093585876695282,1025.7028345096433
RIBT,2019-12-31,FY,-13951000,31743000,40492000,23713000,-0.43949847210408594,-57.14285528926273
THFF,2019-12-31,FY,48872000,557608000,4023250000,149121000,0.08764580135148707,-15.507436490131516
FL,2020-02-01,FY,491000000,2473000000,6589000000,8005000000,0.1985442782046098,10.796461542690611
RRTS,2019-12-31,FY,-340937000,55832000,670397000,1847862000,-6.106480154749964,-77.19869819832181
ADM,2019-12-31,FY,1379000000,19225000000,43997000000,64656000000,0.07172951885565669,6.688246797999799
BIIB,2019-12-31,FY,5888500000.0,13343200000.0,27234300000.0,14377900000.0,0.4413109299118652,-17.95234802687867
ICHR,2019-12-27,FY,10729000,221416000,566555000,620837000,0.04845629945442064,-10.014769697080341
SIX,2019-12-31,FY,219818000,-716118000,2882540000,1487583000,-0.3069577918722892,-27.22234230357988
TDG,2019-12-28,Q1,305000000,-4303000000,18156000000,1465000000,-0.2835231234022775,7.953597165586515
SLDB,2019-12-31,FY,-117223000,80048000,103471000,0,-1.4644088546871876,49.43820224719101
ESMC,2019-12-31,Q2,-53970,2108269,5684450,5027881,-0.10239680040829705,-26.66666997803569
INFN,2019-12-28,FY,-386618000,386535000,1628338000,1298865000,-1.0002147282910991,41.73127379103295
RGNX,2019-12-31,FY,-94733000,450197000,497908000,35233000,-0.21042565810078698,13.448860525659123
KLXE,2020-01-31,FY,-96400000,312200000,623400000,544000000,-0.30877642536835365,-58.46534640376982
PEB,2019-12-31,FY,115725000,3621208000,6498555000,1612213000,0.031957567750872086,-29.130919886304664
FC,2019-11-30,Q1,-544000,83535000,211291000,58613000,-0.026048961513138204,-38.840505479551766
CRIS,2019-12-31,FY,-32100000,-33911000,35107000,10004000,0.9465954999852555,347.05880537990106
ASIX,2019-12-31,FY,41347000,400878000,1235969000,1297393000,0.10314110527392374,-3.006004517243923
EQC,2019-12-31,FY,492866000,3244577000,3319377000,10981000,0.15190454718750704,-18.123674500254932
WSBF,2019-12-31,FY,35903000,393686000,1996347000,79741000,0.09119704536102376,-2.312141451294807
MATX,2019-12-31,FY,82700000.0,805700000.0,2845400000.0,2203100000.0,0.10264366389474991,36.64215941788467
GEVO,2019-12-31,FY,-28660000,72504000,93359000,24487000,-0.3952885358049211,100.0
HAS,2019-12-29,FY,520454000,2995530000,8855628000,4720227000,0.17374354454804325,-11.437534459395598
CRON,2019-12-31,FY,1165574000,1749883000,2090442000,23750000,0.6660868183758571,-7.170797721825018
HCI,2019-12-31,FY,26576000,185543000,802609000,242474000,0.14323364395315372,14.019709742076337
ECL,2019-12-31,FY,1576200000.0,8685300000.0,20869100000.0,14906300000.0,0.1814790508099893,11.130107837786403
CNX,2019-12-31,FY,31948000,4160546000,9060806000,1922449000,0.007678799849827402,15.932200978933173
SBAC,2019-12-31,FY,147284000,-3667007000,9759941000,153787000,-0.04016463562791126,14.527571147687713
SAFE,2019-12-31,FY,33728000,1091812000,2566561000,93396000,0.030891765248962276,2.7567251095601715
NWFL,2019-12-31,FY,14215000,137428000,1230610000,47284000,0.10343598102279011,-32.23650494508307
STRT,2019-12-29,Q2,1585000,163469000,293579000,226245000,0.038784111972300556,133.53021804348322
STRO,2019-12-31,FY,-55744000,97789000,156370000,42736000,-0.5700436654429435,94.18182373046875
STE,2019-12-31,Q3,284586000,3382680000,5335581000,2207904000,0.3365213381106105,21.76223498715637
ENZN,2019-12-31,FY,-979000,6055000,6478000,207000,-0.1616845582163501,33.33333806386084
BBIO,2019-12-31,FY,-288585000,408454000,631679000,40560000,-0.7065299886890568,92.9244057588543
UCC,2019-12-31,FY,627000000,1398000000,5278000000,138000000,0.44849785407725323,46.636316315899116
AJIA,2019-12-31,Q2,-62714,-140536,29035,20080,1.7849945921329766,-77.99999952316284
LZB,2020-01-25,Q3,75608000,713897000,1442633000,1336701000,0.4236353423533087,37.4611112139758
LSTR,2019-12-28,FY,227703000,721469000,1427711000,4084577000,0.3156102341195533,19.798215036301915
CUEN,2019-12-31,FY,-1286000,5871000,9170000,967000,-0.21904275251234884,-37.8947349454591
VCEL,2019-12-31,FY,-9665000,111091000,153238000,117850000,-0.08700074713523148,68.39080390471544
VTNR,2019-12-31,FY,-5485553,22324653,120759919,163365565,-0.2457172794578263,-55.38961080178622
CNTY,2019-12-31,FY,-16141000,163306000,726900000,218227000,-0.09883898938189656,-20.454543812544237
INOD,2019-12-31,FY,-1619000,26309000,49746000,55858000,-0.06153787677220723,365.7894745097596
BRKL,2019-12-31,FY,87760000,945606000,7856853000,347626000,0.09280820976178239,-28.432561432620528
PH,2019-12-31,Q2,543639000,6330175000,21043989000,6832485000,0.34352225649369883,29.30230075426545
ESTA,2019-12-31,FY,-38150000,39614000,116531000,89565000,-0.9630433685060837,26.536515520894433
PINC,2019-12-31,Q2,163518000,-432880000,2616162000,622016000,-1.5109776381445204,-7.602959310736187
DVN,2019-12-31,FY,-353000000,5802000000,13717000000,2865000000,-0.06084108927955877,-41.04735916668325
RLJ,2019-12-31,FY,127842000,3202334000,5851400000,1566192000,0.03992150725064906,-19.018053399951327
XRAY,2019-12-31,FY,263100000.00000003,5092500000.0,8602900000.0,4029200000.0,0.05166421207658321,-9.436296409594002
AGS,2019-12-31,FY,-11521000,133784000,762378000,304714000,-0.08611642647850266,-42.45671926446474
POWI,2019-12-31,FY,193468000,724546000,803896000,420669000,0.2670196233227428,60.0040326026825
FIZZ,2020-01-25,Q3,93759000,422202000,589310000,737993000,0.8882857021046797,115.82986433695528
ASPU,2020-01-31,Q3,-4994502,41679388,68966424,34981887,-0.47932584806667505,8.180779992130551
SUME,2019-12-31,FY,-10733089,5034219,51497772,166315793,-2.1320266361078053,-36.599422779692645
LOW,2020-01-31,FY,4281000000,1972000000,39471000000,72148000000,2.170892494929006,43.53923706972173
VRA,2020-02-01,FY,15244000,303770000,535061000,495212000,0.050182704019488426,-13.687437771289416
VCNX,2019-12-31,FY,-31863000,-26237000,4604000,523000,1.2144300034302702,-57.938144929162064
CARS,2019-12-31,FY,-445324000,1141068000,2027991000,606682000,-0.39026946685035424,-7.446807099238863
IVR,2019-12-31,FY,364101000,2931899000,22346545000,778367000,0.1241860650725008,-79.81982073626361
KMX,2019-11-30,Q3,673499000,3698053000,20487230000,15357497000,0.7284903704733274,-1.3651873632169294
YUMM,2019-09-30,FY,-38324,18669,20831,3619,-2.052814826718089,100.0
NTGR,2019-12-31,FY,25791000,608693000,955813000,998763000,0.04237111318842175,65.8506778713865
SBFG,2019-12-31,FY,11973000,136094000,1038577000,44400000,0.08797595779387776,-9.75114243308955
BLGO,2019-12-31,FY,-11440000,-2153000,3621000,1861000,5.313516024152346,-45.45454637817115
LANC,2019-12-31,Q2,84169000,772758000,983703000,692171000,0.43568102821323107,11.805117536512919
SSP,2019-12-31,FY,-18378000,897935000,3561353000,1423836000,-0.020466960303362716,-4.774029269120639
DDD,2019-12-31,FY,-69632000,522159000,807312000,629094000,-0.13335401668840335,15.999995640345983
CASY,2020-01-31,Q3,201755000,1588590000,3922034000,7362413000,0.5080102480816321,16.54854843726419
INTC,2019-12-28,FY,21048000000,77504000000,136524000000,71965000000,0.27157308009909165,-21.049982324553195
PIPR,2019-12-31,FY,118174000,731283000,1628719000,846299000,0.1615981774497698,24.906173911250885
AZZ,2019-11-30,Q3,58877000,653243000,1172568000,816452000,0.36052127615603996,21.089534273633532
FBMS,2019-12-31,FY,43745000,543658000,3941863000,148529000,0.08046418888345247,-14.386262794190536
RKFL,2019-12-31,Q3,-105807,-64495,5807,0,6.562183114970153,-67.99999952316284
NRIS,2019-11-30,Q3,-849402,-135391,2701249,434422,25.094784734583538,143.90243592182853
NWLI,2019-12-31,FY,131616000,2128243000,12553447000,819188000,0.061842562151032565,-29.01540420053137
TWIN,2019-12-27,Q2,-12759000,168924000,343281000,118826000,-0.30212403210911415,-28.406909946969485
CJJD,2019-12-31,Q3,-3269216,24062006,85798498,86997845,-0.5434652455826002,-44.5054943519423
FCX,2019-12-31,FY,-189000000,9298000000,40809000000,14402000000,-0.020326952032695203,88.5670730710065
TALO,2019-12-31,FY,58729000,1078277000,2589482000,927620000,0.05446559650256845,-73.33333312246008
WINA,2019-12-28,FY,32149300,12448300,61842200,73298900,2.582625740060892,-6.924634624546953
CORR,2019-12-31,FY,4079495,476739439,651455794,85945570,0.00855707471686646,-84.4106465378742
VOXX,2019-11-30,Q3,-8169000,399109000,496650000,293812000,-0.08187237070574706,177.7056329332236
AMP,2019-12-31,FY,587000000,3336000000,121943000000,3818000000,0.17595923261390886,13.501023679885302
BRC,2020-01-31,Q2,71051000,899924000,1215798000,563612000,0.3158088905285335,-17.085062790248898
CHE,2019-12-31,FY,219923000,726608000,1268317000,1938555000,0.3026707660801973,20.666567919569097
SCOR,2019-12-31,FY,-338996000,258974000,723695000,388645000,-1.3089962698958197,-53.84615681617654
TPX,2019-12-31,FY,189400000.0,359500000.0,3061800000.0,3106000000.0,0.5268428372739916,25.24696068609519
FXNC,2019-12-31,FY,9556000,77219000,800048000,32897000,0.12375192633937243,-20.65420633216584
EXC,2019-12-31,FY,3028000000,32224000000,124977000000,34438000000,0.09396722939424032,-8.247427517976433
CDXI,2019-12-31,FY,-5093037,-7198849,2018922,710949,0.7074793484347289,-83.74384198846833
JLL,2019-12-31,FY,537900000.0,5118100000.0,13672600000.0,17983200000.0,0.10509759481057424,-13.337929639354757
UTGN,2019-12-31,FY,16595920,130973272,418745731,44195440,0.1267122653849558,-25.352112676056336
DGX,2019-12-31,FY,906000000,5641000000,12843000000,7726000000,0.1606098209537316,10.8718049544126
SF,2019-12-31,FY,449986000,3614791000,24610225000,2352237000,0.12448465208638618,24.08078377591997
PGTK,2019-12-31,Q3,11036141,16488232,86393619,105024728,2.67733763086303,-50.8474568052218
GPI,2019-12-31,FY,174000000.0,1255700000.0,5570200000.0,12043800000.0,0.13856812933025403,25.18000030517578
WSFS,2019-12-31,FY,147918000,1850306000,12256302000,521092000,0.0799424527618675,1.0229527871613198
AMRC,2019-12-31,FY,40301000,428856000,1374013000,866933000,0.09397326841643815,190.5142865862165
GABC,2019-12-31,FY,59222000,573820000,4397672000,176474000,0.10320658046077168,-8.338005320228424
KRUS,2019-11-30,Q1,-1224000,61078000,115616000,17440000,-0.08015979567110908,-32.08685637435201
ACGL,2019-12-31,FY,1693300000,11497371000,37885361000,6928200000,0.14727714709736686,-17.696433342500228
MED,2019-12-31,FY,77916000,104832000,194653000,713672000,0.743246336996337,75.37870912986054
RRGB,2019-12-29,FY,-7903000,360520000,1237580000,1315014000,-0.02192111394652169,-38.756853844092085
LAZ,2019-12-31,FY,297716000,609991000,5639581000,2666958000,0.4880662173704202,4.70470748545575
KBR,2019-12-31,FY,209000000,1843000000,5364000000,5639000000,0.1134020618556701,-2.721311225265753
HBT,2019-12-31,FY,66865000,332918000,3245103000,143735000,0.20084525318546909,-19.90521210389998
SINT,2019-12-31,FY,-4797000,5202000,9147000,689000,-0.9221453287197232,7.38255033557047
DWOG,2019-09-30,FY,-197135,22106593,22677977,0,-0.00891747543368623,-30.45454468485737
FFBW,2019-12-31,FY,1556000,61870000,292218000,11231000,0.025149507030871182,1.5584434955151418
SSTI,2019-12-31,FY,1798000,27251000,60571000,40752000,0.0659792301199956,51.76470887427237
RWT,2019-12-31,FY,169183000,1827231000,17995440000,622281000,0.09258982580746496,-47.15840817812006
IMAX,2019-12-31,FY,58571000,547694000,889069000,395664000,0.10694110214827988,-12.628486956274942
CXW,2019-12-31,FY,188886000,1376749000,3791631000,1980689000,0.13719712162492945,-60.701954812955265
PWOD,2019-12-31,FY,15686000,154960000,1665323000,66774000,0.10122612287041817,-26.602926396191485
SPCE,2019-12-31,FY,-210935000,467560000,605546000,3781000,-0.45113996064676193,105.62770223200246
GMED,2019-12-31,FY,155210000,1402452000,1532077000,785368000,0.11067045431857918,10.78465043075045
KEYS,2020-01-31,Q1,163000000,3127000000,6841000000,1095000000,0.20850655580428526,52.263683826856465
OCUL,2019-12-31,FY,-86372000,-3630000,78740000,4227000,23.793939393939393,408.354422311488
GT,2019-12-31,FY,-297000000,4351000000,17185000000,14745000000,-0.06826017007584463,-33.676096294871186
KN,2019-12-31,FY,49100000.0,1288500000.0,1654600000.0,854800000.0,0.03810632518432286,-14.846333079350845
ECOR,2019-12-31,FY,-45147883,24261508,35461679,2390279,-1.8608852755566554,-9.43396211325908
DAKT,2020-02-01,Q3,1570000,182975000,358725000,482824000,0.03432162863779205,-18.367345283780548
HARP,2019-12-31,FY,-55572000,94220000,176604000,5777000,-0.5898110804500106,16.091956750461737
TMIN,2020-01-31,Q2,-17820,79726,300487,0,-0.8940621629079598,0.0
ADBE,2020-02-28,Q1,955000000,10465000000,21214000000,3091000000,0.36502627806975635,33.19135950719133
LTUM,2019-12-31,FY,-219897,350555,367464,0,-0.6272824521116516,419.23077915018104
CBAN,2019-12-31,FY,10211000,130506000,1515313000,60483000,0.07824161341241016,-14.30302822228634
EWLL,2019-12-31,FY,-9460785,-6906037,433306,3635,1.3699296716771139,-99.39999998044222
CLPT,2019-12-31,FY,-5539790,4586717,11926437,11216937,-1.2077897982369525,198.7499913076563
OII,2019-12-31,FY,-348444000,1069346000,2740663000,2048124000,-0.3258477611549489,-46.344734528025235
USPH,2019-12-31,FY,57259000,240257000,560845000,481969000,0.2383239614246411,6.7599505553845685
CNFR,2019-12-31,FY,-7822000,42725000,247265000,95998000,-0.1830778232884728,-33.74999761581421
IDCC,2019-12-31,FY,14951000,761557000,1612082000,318924000,0.019632148348711916,10.570743520107879
LYFT,2019-12-31,FY,-2602241000,2854084000,5691383000,3615960000,-0.9117604807707131,14.481635229996892
ONB,2019-12-31,FY,238206000,2852453000,20411667000,730387000,0.08350917613717036,-10.388198090607501
EEFT,2019-12-31,FY,346695000,1579274000,4657666000,2750109000,0.21952808695641163,-10.097743024013903
SANW,2019-12-31,Q2,-11640375,88755769,149519815,24625557,-0.5246025190768163,37.61905886418746
FNF,2019-12-31,FY,1076000000,5382000000,10677000000,8469000000,0.19992567818654775,-14.046306221394103
VIAV,2019-12-28,Q2,34800000.0,764300000.0,1859700000.0,613500000.0,0.18212743687033886,-2.906212180184475
DBX,2019-12-31,FY,-52700000.0,808400000.0,2699200000.0,1661300000.0,-0.06519049975259772,28.02903685389496
REGI,2019-12-31,FY,380064000,1131906000,1785349000,2641393000,0.3357734652877536,155.6957391885184
OVBC,2019-12-31,FY,9907000,128179000,1013272000,50317000,0.07729035177369148,-40.459361967313185
MOBQ,2019-12-31,FY,-44027719,10921105,17706197,9717796,-4.031434456495016,8274.999667207414
THMO,2019-12-31,FY,-10099000,386000,15214000,13047000,-26.16321243523316,-53.63636209507181
MCRI,2019-12-31,FY,31816000,341201000,610878000,249166000,0.09324708895929379,17.342949775404293
ARDX,2019-12-31,FY,-94940000,186655000,259782000,5281000,-0.5086389327904423,-12.05863019331569
CASI,2019-12-31,FY,-45362000,72995000,102631000,4063000,-0.6214398246455237,-10.679609313268685
AVA,2019-12-31,FY,196763000,1939284000,6082456000,1345622000,0.10146167348361561,-17.36327396054656
CSX,2019-12-31,FY,3331000000,11863000000,38257000000,11937000000,0.28078900783950095,23.452179125967803
INGR,2019-12-31,FY,424000000,2720000000,6040000000,6209000000,0.15588235294117647,-14.81441322772073
OC,2019-12-31,FY,405000000,4631000000,10006000000,7160000000,0.08745411358237962,16.676904410790392
GPS,2020-02-01,FY,351000000,3316000000,13679000000,16383000000,0.10585042219541617,16.045840198512902
TPR,2019-12-28,Q2,318800000.0,3322400000.0,8700100000.0,3173900000.0,0.3838189260775343,16.021061317922662
UIS,2019-12-31,FY,-13300000.0,-1265400000.0,2504000000.0,2948700000.0,0.010510510510510511,64.67117413152714
ARTH,2019-12-31,Q1,-1659754,-100837,3566296,0,65.83908684312306,-44.310896921557536
AEL,2019-12-31,FY,246090000,4570119000,69696552000,3464345000,0.05384761315843198,-8.720349427795417
NVDA,2020-01-26,FY,2796000000,12204000000,17315000000,10918000000,0.22910521140609635,128.35137675634095
NXST,2019-12-31,FY,236295000,2031497000,13989737000,3039324000,0.11631570216446295,-8.452028709688166
CBT,2019-12-31,Q1,46000000,1027000000,3151000000,727000000,0.17916260954235638,-7.765148550427094
GRTS,2019-12-31,FY,-94433000,134344000,184389000,4365000,-0.7029193711665574,-57.52508551438926
ARTNA,2019-12-31,FY,14925000,160268000,560368000,83595000,0.09312526518082212,-0.7793628666020529
ENSV,2019-12-31,FY,-7652000,-2676000,42976000,43026000,2.85949177877429,-30.824373694038716
SYBX,2019-12-31,FY,-51373000,156905000,188574000,2224000,-0.3274146776712023,-18.21705591119148
LII,2019-12-31,FY,408700000.0,-170200000.0,2034900000.0,3807200000.0,-2.4012925969447707,10.714425544152169
TPIC,2019-12-31,FY,-15708000,205050000,826677000,1436500000,-0.07660570592538406,179.9027592255237
PDCO,2020-01-25,Q3,19430000,1469430000,3513552000,4203550000,0.0528912571541346,40.02585644969842
JELD,2019-12-31,FY,62971000,812087000,3381332000,4289761000,0.0775421845196389,8.116188085923083
CBNT,2019-12-31,FY,-7240740,-2616937,372313,602636,2.766875931671263,26.76056426707959
WYY,2019-12-31,FY,226255,24939418,64293455,101720247,0.009072184443117318,134.99999046325684
SMTC,2020-01-26,FY,31866000,676954000,1052433000,547512000,0.04707262236429654,64.45591479560161
AMCR,2019-12-31,Q2,255800000.0,5339700000.0,16832599999.999998,6183800000.0,0.19162125213026948,7.011072123466687
ASPN,2019-12-31,FY,-14565000,58990000,103502000,139375000,-0.24690625529750806,111.98453966166684
HAL,2019-12-31,FY,-1129000000,8012000000,25377000000,22408000000,-0.1409136295556665,-23.82509230608901
BX,2019-12-31,FY,3865967000,7009784000,32585506000,7338270000,0.5515101463896748,15.373619056029476
DXLG,2020-02-01,FY,-7796000,58423000,390917000,474038000,-0.13344059702514421,-25.925927765575384
DBMM,2019-11-30,Q1,-13732,-4464508,96691,160134,0.012303259396108148,-67.14285742795589
MAN,2019-12-31,FY,465700000.0,2743000000.0,9223800000.0,20863500000.0,0.16977761574917974,-7.116370897324456
FSS,2019-12-31,FY,108500000.0,641600000.0,1165500000.0,1221300000.0,0.1691084788029925,1.1162809623304264
ABMT,2019-10-31,FY,-948820,-6478239,218500,11657,0.14646264208529508,150.00001552204324
FELE,2019-12-31,FY,95999000,796545000,1194743000,1314578000,0.12051924247845382,19.836013271313224
LVS,2019-12-31,FY,3304000000,5187000000,23199000000,13739000000,0.6369770580296896,-15.831402317837433
NEM,2019-12-31,FY,2884000000,21420000000,39974000000,9740000000,0.134640522875817,37.46835096302887
KSS,2020-02-01,FY,691000000,5450000000,14555000000,19974000000,0.12678899082568806,2.751866314791693
NSTG,2019-12-31,FY,-40696000,104151000,259754000,125568000,-0.3907403673512496,133.86052578101882
ALNY,2019-12-31,FY,-886116000,1438692000,2395134000,219750000,-0.6159177919943949,13.36285459262795
EZPW,2019-12-31,Q1,1238000,751600000,1300942000,222435000,0.00658861096327834,-30.205276993090123
COFS,2019-12-31,FY,7171000,192139000,1386128000,32473000,0.0373219388047195,-3.8172695503837257
LRCX,2019-12-29,Q2,980299000,4379429000,11914122000,4749247000,0.89536695308909,64.19634316929013
AMBC,2019-12-31,FY,-216000000,1477000000,13320000000,496000000,-0.14624238320920785,-28.18729721709253
MA,2019-12-31,FY,8118000000,5893000000,29236000000,16883000000,1.377566604445953,16.099001277263735
MTD,2019-12-31,FY,561109000,420780000,2789321000,3008652000,1.333497314511146,43.449969608605
IIPR,2019-12-31,FY,23475000,548010000,745857000,44667000,0.04283680954727104,138.93501017101727
LOB,2019-12-31,FY,18034000,532386000,4814970000,227980000,0.03387391854782057,141.60967781259924
SJW,2019-12-31,FY,23627000,889984000,3132470000,420482000,0.02654766827268805,-3.5603699215029114
UCTT,2019-12-27,FY,-7700000,436700000,1019300000,1066200000,-0.017632241813602016,35.25641083116467
PD,2020-01-31,FY,-50339000,307938000,435398000,166351000,-0.16347121823224156,108.96226492254955
BMRC,2019-12-31,FY,34241000,336788000,2707280000,100437000,0.10166929938121311,-27.12541090556342
CHMG,2019-12-31,FY,15609000,182627000,1787827000,66932000,0.08546928986403982,-20.117645263671875
LFVN,2019-12-31,Q2,6064000,29098000,55018000,117470000,0.833596810777373,-39.91031184662082
SMIT,2019-11-30,Q2,4687825,13881187,15043144,2127879,1.3508426909024422,56.85846216976491
ORLY,2019-12-31,FY,1391042000,397340000,10717160000,10149985000,3.5008858911763228,3.2674614355753646
GSPE,2019-12-31,Q1,-153143,1972141,28372516,0,-0.31061267931653974,-80.00000074505806
BE,2019-12-31,FY,-323466000,-259594000,1322591000,785177000,1.246045748360902,272.4230318098907
CUZ,2019-12-31,FY,152683000,4359274000,7151447000,657515000,0.03502486881989983,-18.44660715553863
WOR,2019-11-30,Q2,56922000,835891000,2408961000,827637000,0.2723895818952471,41.46020464702119
LFUS,2019-12-28,FY,139082000,1495883000,2559898000,1503873000,0.09297652289650996,31.066095964681555
BILL,2019-12-31,Q2,-13274000,393352000,1915124000,74260000,-0.13498342451544673,264.3889531578225
GAXY,2019-06-30,FY,-6663117,-4609882,1962332,1882058,1.4453986023937273,-99.88364312506963
KFS,2018-03-31,Q1,-2218000,37386000,516016000,13212000,-0.2373080832397154,-19.480519963066794
BBVA,2019-12-31,FY,153407000,13357133000,93603347000,3558656000,0.011485024518360339,-11.290324785927458
CHRW,2019-12-31,FY,576968000,1670730000,4641060000,15309508000,0.34533886384993384,19.846553552595505
SBH,2019-12-31,Q1,53215000,2199000,2675059000,980208000,96.79854479308777,-29.369861132478057
THRM,2019-12-31,FY,37506000,472650000,727386000,971684000,0.07935258648048239,45.415643026142064
TIPT,2019-12-31,FY,20122000,398062000,2198286000,772728000,0.050549914334952845,-37.83784116262033
ABCB,2019-12-31,FY,161441000,2469582000,18242579000,636394000,0.06537179166352848,-12.082743956341355
EXDW,2019-09-30,FY,-132017,17783381,25957985,28393548,-0.007423616465282951,-16.66666997803569
TTOO,2019-12-31,FY,-59006000,-34005000,28486000,8335000,1.7352154094986032,-1.7094017094017095
RRBI,2019-12-31,FY,24824000,251898000,1988225000,73725000,0.09854782491325854,-12.23688983643142
CHDN,2019-12-31,FY,137200000.0,508300000.0,2551000000.0,1329700000.0,0.26991933897304743,42.849861408597576
ENSG,2019-12-31,FY,111686000,654197000,2361909000,2036524000,0.17072227478878688,60.238039805530306
PRIM,2019-12-31,FY,84097000,629530000,1830465000,3106329000,0.1335869617015869,24.55036442451715
VNDA,2019-12-31,FY,115553000,410945000,483748000,227188000,0.2811884802102471,-20.65813175606487
ZIVO,2019-12-31,FY,-11510166,-8338483,369393,0,1.3803669084652448,0.0
MGM,2019-12-31,FY,2214380000,7727265000,33876356000,12899672000,0.28656711009652186,-7.514277023151096
MAT,2019-12-31,FY,-213512000,491714000,5325226000,4504571000,-0.4342198920510703,27.45387612298668
ASTE,2019-12-31,FY,22174000,601949000,800498000,1169613000,0.03683700778637393,37.45237986246745
DMRC,2019-12-31,FY,-32840000,49450000,57388000,22987000,-0.6641051567239636,40.13705856617175
SECI,2019-12-31,Q3,-990819,-12028459,0,0,0.3294915832526843,-87.5
WHG,2019-12-31,FY,5911000,148287000,178707000,84079000,0.039861889444118496,-52.532072851958134
WSC,2019-12-31,FY,-11543000,644365000,2897649000,1063665000,-0.017913760058352022,24.607902654041098
MUR,2019-12-31,FY,1253302000,5467460000,11718504000,2817111000,0.2292292947730756,-54.962686423762484
UBCP,2019-12-31,FY,6810000,59922000,685706000,27034000,0.11364774206468409,-6.643355220936659
EMR,2019-12-31,Q1,329000000,8421000000,21101000000,4151000000,0.15627597672485452,3.907678526176296
CALX,2019-12-31,FY,-17694000,154028000,316823000,424330000,-0.11487521749292337,273.62499237060547
FULT,2019-12-31,FY,226339000,2342176000,21886040000,825306000,0.09663620496495566,-27.94033161383796
TYL,2019-12-31,FY,146527000,1617058000,2191614000,1086427000,0.09061332370267486,43.113796026977774
CDXC,2019-12-31,FY,-32147000,20445000,40247000,46291000,-1.5723648813890927,11.600928228262282
SWAV,2019-12-31,FY,-51109000,192653000,231938000,42927000,-0.2652904444778955,128.0282461320601
AVD,2019-12-31,FY,13601000,344156000,670098000,468186000,0.03951986889666314,-20.647147641818528
PBF,2019-12-31,FY,375200000.0,3039600000.0,9132400000.0,24508200000.0,0.12343729438083959,-78.38699385264653
TRIB,2019-12-31,Q3,-1256412,958569,2447910,25554,-5.242865145858045,264.0776631609414
APA,2019-12-31,FY,-1338900000,-353075000,1500854000,135798000,3.7921121574736247,-44.7049646965348
WEX,2019-12-31,FY,155293000,1926947000,8298418000,1723691000,0.08059017710398884,-4.478184179391369
TRNO,2019-12-31,FY,55516000,1517123000,2108464000,171022000,0.03659294599053604,6.113781696724377
FICO,2019-12-31,Q1,54921000,240961000,1545038000,298504000,0.9116994036379331,35.45159060702353
AMN,2019-12-31,FY,113988000,736742000,1931646000,2222107000,0.15471901968395993,9.66137108824415
WVE,2019-12-31,FY,-193638000,63732000,284250000,15983000,-3.038316701186217,-0.12469112607288355
REMI,2019-12-31,Q3,-499262,4892931,7755909,814111,-0.40814963464639087,17.64705933914052
SKX,2019-12-31,FY,427252000,2314665000,4892943000,5220051000,0.1845848103289245,-17.57351329919743
AJG,2019-12-31,FY,715800000.0,5155500000.0,19634800000.0,7195000000.0,0.13884201338376492,27.61734169407483
FCAP,2019-12-31,FY,10338000,98836000,827496000,32054000,0.10459751507547857,-13.191782285089362
JRSH,2019-12-31,Q3,7211493,55668287,67142131,78585152,0.5181760308162527,1.7064829753270954
CORT,2019-12-31,FY,94181000,371182000,412312000,306486000,0.25373267022646573,115.28924310576247
CBSH,2019-12-31,FY,422712000,3134684000,26065789000,924685000,0.13484995616783063,1.5072068018248816
SITE,2019-12-29,FY,77700000.0,393200000.0,1443300000.0,2357500000.0,0.19760935910478128,76.27963310947521
CBU,2019-12-31,FY,169063000,1855234000,11410295000,385727000,0.09112758821798221,-12.207504037319719
CHCO,2019-12-31,FY,89352000,657983000,5018756000,197700000,0.13579682149842778,-16.424648670790916
CPSI,2019-12-31,FY,20468000,184347000,339589000,274634000,0.11102974282196076,3.5606081350009826
CHHE,2019-12-31,Q2,2183158,38872632,47983248,5475912,0.22464730456121418,-41.81818437970369
UBOH,2016-12-31,FY,24537,2659915,53612371,2587393,0.009224730865459987,3.665654045538381
UNM,2019-12-31,FY,1100300000.0,9965000000.0,67013399999.99999,11998900000.0,0.11041645760160562,-23.902604080339408
VBTX,2019-12-31,FY,90739000,1190797000,7954937000,378786000,0.07620022556321522,-13.285269630549898
ATOM,2019-12-31,FY,-13300000,13772000,15240000,533000,-0.9657275631716526,383.11689879967076
DDOG,2019-12-31,FY,-16710000,782341000,1038041000,362780000,-0.021358972621912952,161.8316605747289
ZBRA,2019-12-31,FY,544000000,1839000000,4711000000,4485000000,0.29581294181620443,47.99561733939384
ATLC,2019-12-31,FY,26210000,906000,936266000,261218000,28.929359823399558,154.05104115617925
BLDR,2019-12-31,FY,221809000,824953000,3249490000,7280431000,0.26887471165023946,64.93506532500216
MDXG,2018-12-31,FY,-29979000,49655000,122844000,359111000,-0.6037458463397443,318.99442233707754
HBIO,2019-12-31,FY,-4687000,81694000,164870000,116176000,-0.057372634465199406,37.37705320416205
PEBK,2019-12-31,FY,14067000,134120000,1154882000,49601000,0.10488368625111841,-31.202430955137533
MATW,2019-12-31,Q1,-10466000,714420000,2284579000,364944000,-0.058598583466308335,-25.22923163578464
CWCO,2019-12-31,FY,12176093,163759258,192292144,68793651,0.07435361608685355,-26.38036465231139
SMBC,2019-06-30,FY,28904000,238392000,2214402000,97482000,0.12124567938521427,-32.748714918800125
NTCT,2019-12-31,Q3,-10090000,1962807000,3127339000,662469000,-0.020562388456939473,13.751555911544667
INGN,2019-12-31,FY,20950000,344621000,447339000,340546000,0.060791420139805756,-36.76277195000084
CMC,2020-02-29,Q2,147146000,1757843000,3907938000,2725671000,0.33483308805166334,32.928115840983985
SOFO,2019-12-31,Q1,-820000,-7029000,15382000,8015000,0.46663821311708636,187.6923189783947
PAR,2019-12-31,FY,-15571000,72847000,189612000,187232000,-0.21374936510769146,105.20495218195039
ZEUS,2019-12-31,FY,3856000,308352000,649555000,1579040000,0.012505188875051889,-26.618306012586583
DD,2019-12-31,FY,-941000000,24309000000,42397000000,13846000000,-0.03870994281953186,7.959502886692077
SDON,2019-12-31,FY,-20420,-23729,197,0,0.8605503813898605,14.285711244660995
NR,2019-12-31,FY,-12946000,548645000,900079000,820119000,-0.023596314556771684,-69.85645946659794
BCBP,2019-12-31,FY,21034000,239473000,2907468000,123555000,0.08783453667010477,-21.174764933803313
MEDP,2019-12-31,FY,100443000,726283000,1143071000,860969000,0.13829733037948017,64.01379862173523
HBNC,2019-12-31,FY,66538000,656023000,5246829000,208332000,0.10142632194298065,-19.26315709164268
NUE,2019-12-31,FY,1370910000,10357866000,18344666000,22588858000,0.13235448305664507,-7.462681306573154
CIA,2019-12-31,FY,-1370000,259836000,1744936000,250545000,-0.005272556535660955,-13.333334746184173
REZI,2019-12-31,FY,36000000,1602000000,5128000000,4988000000,0.02247191011235955,78.62530528768829
DTIL,2019-12-31,FY,-92877000,138314000,235233000,22238000,-0.6714938473328803,-38.948887342463166
ABUS,2019-12-31,FY,-153723000,72744000,105535000,6011000,-2.1132052128010557,25.899281871225664
SNTW,2020-01-31,Q2,-37314,-123655,0,0,1.207035704176944,74.99999441206462
PGC,2019-12-31,FY,47434000,503652000,5182879000,180670000,0.09418010848760652,-26.634303054492335
ST,2019-12-31,FY,282714000,2573755000,6834519000,3450631000,0.10984495416230372,-4.455165692905038
PBYI,2019-12-31,FY,-75595000,17463000,234905000,272260000,-4.328866746836168,15.771429879324778
BKR,2019-12-31,FY,271000000,21929000000,53369000000,23838000000,0.012358064663231338,-19.040184629567655
OPI,2019-12-31,FY,30335000,1705754000,4193136000,678404000,0.017783924293889974,-29.86931753711556
NVAX,2019-12-31,FY,-132694000,-186017000,172957000,18662000,0.713343404097475,2921.859197655591
SILK,2019-12-31,FY,-52415000,71891000,137402000,63354000,-0.729089872167587,49.777112289361504
CVCO,2019-12-28,Q3,63065000,595260000,787409000,806439000,0.4237812048516615,-5.784308427995295
AAL,2019-12-31,FY,1686000000,-118000000,59995000000,45768000000,-14.288135593220339,-44.70014125552486
DXYN,2019-12-28,FY,15271000,73211000,247659000,374582000,0.20858887325675105,130.97344301853957
TXT,2020-01-04,FY,815000000,5518000000,15018000000,13630000000,0.14769844146429867,7.927653301766243
FBIO,2019-12-31,FY,-101660000,26215000,226422000,36629000,-3.8779324814037763,18.28793612603483
HFWA,2019-12-31,FY,67557000,809311000,5552970000,217850000,0.08347470873372535,-18.58656700825956
TMP,2019-12-31,FY,81845000,661642000,6725623000,261378000,0.12369982558543745,-23.213112419420252
CHEF,2019-12-27,FY,24193000,335933000,1013679000,1591834000,0.0720173367903719,-37.08191039872175
AGEN,2019-12-31,FY,-111560000,-225356000,155335000,150048000,0.49503896057793,-22.113025383643777
CVI,2019-12-31,FY,362000000,1393000000,3905000000,6364000000,0.2598707824838478,-63.78926482113193
QRTEA,2019-12-31,FY,-405000000,4840000000,17305000000,13458000000,-0.08367768595041322,27.16488587132117
JOE,2019-12-31,FY,26661000,519521000,909233000,127085000,0.05131842601165304,114.22087597414969
DLX,2019-12-31,FY,-199897000,570861000,1943311000,2008715000,-0.35016755392293397,-44.431088163831475
RSKIA,2020-01-31,Q3,3296000,40852000,44746000,10852000,0.32272593753059825,4.878048780487805
NOW,2019-12-31,FY,626698000,2127941000,6022430000,3460437000,0.29450910528064456,93.3904669539562
AVAV,2020-01-25,Q3,23576000,490741000,559080000,232073000,0.1921665399874883,97.75898698666192
MTDR,2019-12-31,FY,87777000,1833654000,4069676000,1026204000,0.04786999073980151,-33.22203417624985
AXNX,2019-12-31,FY,-79935000,183003000,219822000,13820000,-0.43679611809642466,68.85601754402872
PLUS,2019-12-31,Q3,55836000,472486000,952608000,1221928000,0.47269972020334994,2.7879919902672494
FTK,2019-12-31,FY,-32279000,173276000,231847000,119353000,-0.1862866178812992,5.499998728434244
FUNC,2019-12-31,FY,13129000,125940000,1442027000,57920000,0.1042480546291885,-36.239105191424485
RCKY,2019-12-31,FY,17462000,164656000,205826000,270408000,0.10605140413953941,-4.587157211929439
EVI,2019-12-31,Q2,843000,84271000,158401000,122338000,0.040013765114926846,21.745551236433066
CACI,2019-12-31,Q2,147172000,2508445000,5526696000,2758861000,0.2346824427085306,-0.3760160089407871
BMRA,2019-11-30,Q2,-991556,3375921,7038621,2790823,-1.1748568760939608,124.66665903727214
NEXT,2019-12-31,FY,-35871000,89717000,221195000,0,-0.39982389067846674,-66.12377900756206
GWHP,2019-12-31,Q2,-69896,-30078,23469,0,9.295298889553827,-91.47727234242868
LGND,2019-12-31,FY,629302000,767232000,1494915000,120282000,0.8202238697030364,-5.244992405699806
HUBB,2019-12-31,FY,407400000.0,1947100000.0,4903000000.0,4591000000.0,0.2092342458014483,6.068181245749692
CLTS,2015-12-31,FY,-1364042,6602543,6751960,0,-0.2065934292287078,-94.76190462674683
AWI,2019-12-31,FY,214500000.0,364900000.0,1493300000.0,1038099999.9999999,0.5878322828172102,-20.60232027121251
QUBT,2019-12-31,FY,-8381088,-2812293,148245,0,2.980161739904057,208.33333333333334
HURC,2020-01-31,Q1,-893000,238375000,300990000,43660000,-0.014984792868379653,-6.006387241507028
GFMH,2020-01-31,Q3,-14720,-67472,497,13954,0.8726582878823809,160.00000266092155
NPO,2019-12-31,FY,38300000.0,886900000.0,2035100000.0,1205700000.0,0.04318412447852069,11.707539103785665
IPIX,2019-12-31,Q2,-4175000,-5617000,3495000,400000,2.9731173224141,234.82758585252887
INTV,2019-12-31,Q2,-128909,43452,987911,243142,-11.866795544508884,229.99999999999997
TGI,2019-12-31,Q3,46943000,-532897000,2625386000,2207007000,-0.3523607751591771,-51.48397306373925
KELYA,2019-12-29,FY,112400000.0,1264500000.0,2480600000.0,5355600000.0,0.08888888888888889,-6.591925397519693
ELF,2019-12-31,Q3,18225000,242447000,456251000,208139000,0.30068427326384733,43.89336820876541
CVBF,2019-12-31,FY,207827000,1994098000,11282450000,457850000,0.10422105633725123,-9.545873369904106
WAB,2019-12-31,FY,326500000.0,9956500000.0,18944200000.0,8200000000.0,0.03279264801888214,-7.236509848292731
GEOS,2019-12-31,Q1,-1289000,178715000,205176000,9083000,-0.02885040427496293,-45.676807346419764
NKE,2019-11-30,Q2,2482000000,9351000000,26602000000,20986000000,1.0617046305208,43.49081178195131
SSNT,2019-12-31,FY,6794226,8894660,18953272,38502482,0.7638544924707633,-31.724135776478906
DSNY,2019-11-30,Q1,111658,2968264,4065995,1045856,0.1504690957408101,-12.359552367771112
ACRE,2019-12-31,FY,36991000,426339000,1784134000,77259000,0.08676428851219335,-24.810607748218423
ODC,2020-01-31,Q2,8366000,146929000,209079000,142127000,0.22775626322917872,-2.062156286631599
APLE,2019-12-31,FY,171917000,3291013000,4942411000,1266597000,0.05223832297228847,-19.50769277719351
LNG,2019-12-31,FY,1232000000,-14000000,35492000000,9730000000,-88.0,-2.07958156887187
SNBR,2019-12-28,FY,81845000,-159431000,806043000,1698352000,-0.5133568753880989,72.01054415102305
VTVT,2019-12-31,FY,-21938000,-49023000,9266000,2764000,0.44750423270709666,11.76470588235294
MYMX,2019-12-31,FY,-4187000,-51198000,7682000,653000,0.08178053830227744,65.00000279396778
SHO,2019-12-31,FY,142793000,2574838000,3918974000,1115167000,0.05545708118335989,-19.61207242060216
YUM,2019-12-31,FY,1294000000,-8016000000,5231000000,5597000000,-0.16142714570858283,8.656798670411606
HP,2019-12-31,Q1,30605000,3975537000,5841510000,611398000,0.030793324272922123,-48.29407965369972
FRD,2019-12-31,Q3,-2230368,69940956,84229802,109121717,-0.12755719266977134,13.621265353146631
PQEFF,2019-11-30,Q1,-3182671,58628802,75712515,100532,-0.21714044233753915,-67.2811930529631
TACT,2019-12-31,FY,516000,25926000,36061000,45748000,0.019902800277713493,-35.824979120444546
CTMX,2019-12-31,FY,-102238000,51113000,341282000,57489000,-2.000234773932268,-15.042122908759309
HHS,2019-12-31,FY,-26264000,-49683000,110202000,217577000,0.5286315238612805,-28.21229083764041
CCYC,2019-07-31,FY,-18036,-1152,0,0,15.65625,299.99608130392704
IBKR,2019-12-31,FY,1089000000,1452000000,71676000000,2580000000,0.75,32.046338017370374
TZOO,2019-12-31,FY,4155000,10863000,54538000,111412000,0.3824910245788456,-12.897197561124955
RGLS,2019-12-31,FY,-18592000,20015000,42081000,6832000,-0.9289033225081189,40.44944422215855
YUMC,2019-12-31,FY,743000000,3077000000,6950000000,8776000000,0.2414689632759181,18.392006123221
POST,2019-12-31,Q1,107100000.0,3357800000.0,11943500000.0,1456800000.0,0.12758353683959736,-7.213561331603874
MRO,2019-12-31,FY,480000000,12153000000,20245000000,5063000000,0.03949642063687978,-51.620027919202016
HE,2019-12-31,FY,219772000,2280260000,13745251000,2874601000,0.09638023734135581,-25.736238190801288
RDVT,2019-12-31,FY,-11076000,42084000,48871000,30286000,-0.2631879098944967,39.49216302297134
HEAR,2019-12-31,FY,17944000,63387000,131351000,234663000,0.28308643728209254,141.05821318970965
HITC,2020-01-31,FY,-417505,-2033598,14841,0,0.2053036047439071,-8.983455484102787
DBE,2019-12-31,FY,17017855,64331913,65043577,1728677,0.2645320837886478,-26.384139620526277
LAUR,2019-12-31,FY,937664000,2816963000,6515628000,3250326000,0.33286344194084194,-15.729701088910822
AVDL,2019-12-31,FY,-33226000,-29199000,151436000,59215000,1.1379156820439056,-16.68874433179579
FLT,2019-12-31,FY,895073000,3711616000,12248541000,2648848000,0.2411545267613891,-5.741689470173395
STRA,2019-12-31,FY,81138000,1462710000,1789408000,997137000,0.0554710092909736,-40.96286899815339
LEDS,2019-11-30,Q1,-322000,1435000,12743000,1563000,-0.8975609756097561,40.43478634947873
WRLD,2019-12-31,Q3,7004332,392157147,1143011550,427094307,0.07144413461371903,18.33332877100258
NSA,2019-12-31,FY,66013000,919630000,3084245000,387896000,0.07178212976958125,4.164192654245337
ACHC,2019-12-31,FY,110122000,2505381000,6879142000,3107462000,0.04395419299499757,46.1770005686448
GNE,2019-12-31,FY,1379000,94805000,156244000,315291000,0.014545646326670535,-3.7516165735764972
XYL,2019-12-31,FY,401000000,2957000000,7710000000,5249000000,0.13561041596212378,26.297754765757063
TGEN,2019-12-31,FY,-4794373,23268020,41116635,33426448,-0.20604989165386656,-46.462261710738865
INDB,2019-12-31,FY,165175000,1708143000,11395165000,447014000,0.09669857851479648,-13.285282352665165
COR,2019-12-31,FY,99037000,158162000,2100999000,572727000,0.6261744287502687,14.23195316545853
CPHI,2019-12-31,FY,-20702044,9237601,22235222,10923936,-2.241062804076513,95.83333333333334
NBHC,2019-12-31,FY,80365000,766920000,5895512000,242601000,0.10478928701820268,-8.006813166055652
MEI,2020-02-01,Q3,93300000.0,772900000.0,1282300000.0,813300000.0,0.48285677319187476,11.851851851851853
UNTY,2019-12-31,FY,23700000,160709000,1718942000,75648000,0.14747151684099832,-23.88125592613313
CZFS,2019-12-31,FY,19490000,154774000,1466339000,61980000,0.12592554304986625,-12.195125192100932
KALV,2020-01-31,Q3,-22532000,89747000,102935000,8866000,-1.004245267251273,-0.653597256360057
UPLD,2019-12-31,FY,-45371000,212861000,896828000,222637000,-0.2131484865710487,29.795574523761047
RRC,2019-12-31,FY,-1716297000,2347488000,6612403000,2600934000,-0.7311206702654071,28.659791625107278
CRMD,2019-12-31,FY,-16433074,23646260,29475910,283266,-0.694954466372272,2.4725250432837784
PANW,2020-01-31,Q2,-133300000.00000001,1608500000.0,7184100000.0,1588600000.0,-0.3314889648741063,49.39517113737541
ASKH,2019-09-30,Q3,-84557,-209278,0,0,1.6161660566328042,-2.9093370697138434
VVV,2019-12-31,Q1,73000000,-196000000,2297000000,607000000,-1.489795918367347,9.201304658545393
BA,2019-12-31,FY,-636000000,-8617000000,133625000000,76559000000,0.0738075896483695,-33.616775074514
BTDG,2019-12-31,Q3,-1179481,-3811,614221,351274,1237.9753345578588,34.99999708961709
QSEP,2019-12-31,FY,-5621000,-2269000,600000,0,2.477302776553548,-87.5
MHK,2019-12-31,FY,744571000,8119841000,13386680000,9970672000,0.09169773151961966,2.2657253462820828
FSI,2019-12-31,FY,2297185,17911227,32380417,27440110,0.12825391582609053,-3.1128375791477807
CMI,2019-12-31,FY,2268000000,7507000000,19737000000,23571000000,0.30211802317836683,24.435624769201873
FMCC,2019-12-31,FY,2228000000,14347000000,161426000000,12218000000,0.15529378964243395,-22.66666889190674
IVAC,2019-12-28,FY,1148000,95793000,126322000,108885000,0.011984174208971427,6.657019512370163
PTEN,2019-12-31,FY,-425703000,2833620000,4439615000,2470685000,-0.1502329176106888,-50.380952017647886
UVE,2019-12-31,FY,46514000,493901000,1719852000,939351000,0.0941767682187321,-47.48124355315816
IART,2019-12-31,FY,50201000,1416736000,3303240000,1517557000,0.03543426580534412,14.190124306246101
LYTS,2019-12-31,Q2,6218000,123913000,187361000,171078000,0.20072147393735928,38.181808150683686
MMM,2019-12-31,FY,4582000000,10063000000,44659000000,32136000000,0.4553314121037464,-1.4567464528418046
SNDX,2019-12-31,FY,-56047000,31600000,63525000,1517000,-1.773639240506329,165.37585359556408
UBSI,2019-12-31,FY,260099000,3363833000,19662324000,762562000,0.07732220951515727,-18.339369323775344
CB,2019-12-31,FY,4454000000,55331000000,176943000000,34186000000,0.08049737037103974,-3.057953008890798
QSR,2019-12-31,FY,1111000000,4259000000,22360000000,5603000000,0.2608593566564921,-4.657364276906701
ZS,2020-01-31,Q2,-46230000,319164000,676425000,194858000,-0.5793886528555852,256.03493743087176
FR,2019-12-31,FY,243881000,1764399000,3518828000,425984000,0.13822327036004894,0.14454679768052428
CAPR,2019-12-31,FY,-7641817,6839386,11113637,1005028,-1.1173250054902588,198.43750145519155
GL,2019-12-31,FY,760790000,7294307000,25977460000,4527532000,0.10429914726649153,-12.437051152390142
FCN,2019-12-31,FY,216726000,1489142000,2783142000,2352717000,0.14553749743140681,0.009031724656773779
HL,2019-12-31,FY,-99557000,1692423000,2637308000,673266000,-0.058825128233308106,81.41592640278913
CCI,2019-12-31,FY,860000000,10489000000,38457000000,670000000,0.08199065687863476,9.609570347260641
NNUP,2019-12-31,FY,754900,2789700,3532300,2537400,0.2706025737534502,100.0
MKL,2019-12-31,FY,1799462000,11070867000,37473815000,9526191000,0.16254029607617904,-13.15465417541703
BIO,2019-12-31,FY,1758675000,5755057000,8008859000,2311659000,0.305587763943954,55.37118201410078
BCO,2019-12-31,FY,33200000.000000004,191800000.0,3763800000.0,3683200000.0,0.17309697601668406,-22.232028665927004
OCN,2019-12-31,FY,-142125000,412011000,10406199000,1123375000,-0.34495438228590986,36.69100338422133
EBS,2019-12-31,FY,54500000.0,1088500000.0,2327300000.0,1106000000.0,0.050068902158934316,67.08062671904433
CODA,2019-10-31,FY,5225199,30627773,34330993,25056934,0.17060329525101287,-23.43324565766367
CRBO,2019-12-31,FY,-1001000,50071000,298254000,116625000,-0.019991611911086258,-87.92063564207785
ASTC,2019-12-31,Q2,-4151000,247000,3677000,206000,-67.22267206477733,-4.444447270146123
HMNF,2019-12-31,FY,7793000,92648000,777639000,31890000,0.08411406614282013,-18.37220641742465
LL,2019-12-31,FY,9663000,161250000,596009000,1092602000,0.059925581395348836,213.20367397888523
OLED,2019-12-31,FY,138304000,811449000,1120157000,405177000,0.17044077939587085,11.568882171378846
AAPL,2019-12-28,Q1,22236000000,89531000000,340618000000,91819000000,0.9934436117099106,81.07849368025863
HTLD,2019-12-31,FY,72967000,684659000,898931000,596815000,0.10657422161981366,-14.346786982766446
DAIO,2019-12-31,FY,-1187000,21530000,28281000,21568000,-0.055132373432419876,3.7647022920496322
DDS,2020-02-01,FY,111081000,1623259000,3430257000,6203520000,0.0684308542259738,45.11650965844684
VHI,2019-12-31,FY,78200000,640000000,2794400000,1897500000,0.1221875,-33.021393158347415
HNRG,2019-12-31,FY,-59854000,191530000,425627000,323462000,-0.31250456847491254,-56.56565826847264
RDFN,2019-12-31,FY,-80805000,331446000,596213000,779796000,-0.2437953693814377,242.1948837581951
HSTM,2019-12-31,FY,15770000,338168000,489544000,254112000,0.04663362589009013,-19.264711512826146
D,2019-12-31,FY,1376000000,31994000000,103823000000,16572000000,0.04300806401200225,-10.794497071176577
JCTCF,2019-11-30,Q1,-6621,20424245,21896225,7055178,-0.0012966941984881204,11.809039897971225
AIRT,2019-12-31,Q3,10517000,22388000,158375000,171181000,1.8790423441129176,-4.168735327495552
TFX,2019-12-31,FY,461466000,2979320000,6309820000,2595362000,0.15488970637595156,7.863140450415583
CREX,2019-12-31,FY,1038000,18508000,33976000,31598000,0.05608385562999784,-13.725492233060542
CANN,2019-11-30,Q1,-762102,-5391524,477827,370567,0.5654074803339464,-31.942920864774415
PED,2019-12-31,FY,-11102000,105502000,122896000,12972000,-0.10523023260222555,-31.927709761855024
PSNL,2019-12-31,FY,-25084000,106690000,157291000,65207000,-0.23511106945355703,253.39451198033717
UFPT,2019-12-31,FY,19750000,161991000,188758000,198381000,0.12192035359989135,-7.7605366689211905
NNBR,2019-12-31,FY,-46741000,353277000,1541984000,847451000,-0.13230694327680545,-32.32432184992609
COLL,2019-12-31,FY,-22722000,87432000,306302000,296701000,-0.25988196541312103,-3.1098124004909433
CI,2019-12-31,FY,5120000000,45338000000,155774000000,153566000000,0.11292955136971194,-0.21517063405866987
OMF,2019-12-31,FY,855000000,4330000000,22817000000,4127000000,0.197459584295612,10.154207886965501
PXD,2019-12-31,FY,756000000,12119000000,19067000000,9671000000,0.06238138460268999,-26.907575504647895
CCK,2019-12-31,FY,625000000,1713000000,15505000000,11665000000,0.36485697606538237,35.34601470367523
CDMO,2020-01-31,Q3,-5698000,47078000,105216000,47152000,-0.4841327159182633,120.72617031598575
ITW,2019-12-31,FY,2521000000,3030000000,15068000000,14109000000,0.832013201320132,11.568222576653262
ATKR,2019-12-27,Q1,34790000,272131000,1500142000,447448000,0.5113713615868828,0.8351760261217281
PSTL,2019-12-31,FY,-1492431,48873603,136788197,11289356,-0.03053654546402073,-3.539825100076722
BIIO,2019-12-31,Q2,-74945,-387816,0,0,0.7729954411370341,405.0215469514609
HES,2019-12-31,FY,-240000000,8732000000,21782000000,6510000000,-0.027485112230874943,-21.31417210617432
ORGO,2019-12-31,FY,-40454000,55583000,220687000,260981000,-0.7278124606444416,48.6486523996855
SEAS,2019-12-31,FY,89476000,210892000,2300518000,1398244000,0.42427403599946895,-4.793436122044331
UHAL,2019-12-31,Q3,319680000,4103217000,12994322000,3157343000,0.3116384046956327,19.123516935217346
ROAD,2019-12-31,Q1,5461000,349184000,524548000,175314000,0.06255727639296188,65.14522361824356
TPB,2019-12-31,FY,13774000,106585000,446584000,361989000,0.12923019186564713,57.097901069562404
ETRN,2019-12-31,FY,-64959000,672716000,12041709000,1630242000,-0.09656229374654386,-41.46706307920458
EWBC,2019-12-31,FY,674035000,5017617000,44196096000,1882300000,0.1343336886813003,2.9363455498423874
ARGQ,2019-12-31,FY,-1869973,-1157840,1079648,112080,1.6150530297795895,-19.999994412064428
RVNC,2019-12-31,FY,-159429000,225490000,340287000,413000,-0.7070335713335403,69.1928518729271
KVHI,2019-12-31,FY,33255000,149989000,199391000,157893000,0.22171625919234078,1.9766420913452043
PRK,2019-12-31,FY,102700000,969014000,8558377000,360500000,0.1059840208706995,1.953506596654289
VRTX,2019-12-31,FY,1176810000,6085244000,8318465000,4162821000,0.19338747961462185,6.6407895627233104
QSR,2019-12-31,FY,1111000000,2490000000,22360000000,5603000000,0.4461847389558233,-4.657364276906701
GLT,2019-12-31,FY,-21541000,555959000,1283794000,927673000,-0.03874566289960231,-10.218573824296705
OVV,2019-12-31,FY,234000000,9930000000,21487000000,7013000000,0.023564954682779457,-40.12793388031807
NOBH,2020-02-01,Q1,1400141,50451170,56924025,9443852,0.11100959601135117,6.092440375718842
AMGN,2019-12-31,FY,7842000000,9673000000,59707000000,23362000000,0.81071022433578,-5.890410161199952
FTLF,2019-12-31,FY,2698000,3342000,6326000,19497000,0.8073010173548774,52.12766086963462
OCFC,2019-12-31,FY,88574000,1153119000,8246145000,308794000,0.07681254059641719,-27.486296813308964
WISA,2019-12-31,FY,-12038000,594000,4222000,1666000,-20.265993265993266,-68.60655737704919
WK,2019-12-31,FY,16924000,223249000,2383274000,92994000,0.07580773038177102,115.86206489884248
GE,2019-12-31,FY,-4912000000,28316000000,266048000000,95214000000,-0.1734708292131657,-5.376340907934037
BLUE,2019-12-31,FY,-789608000,1284993000,1727424000,44674000,-0.6144842812373297,-49.74358998453794
GNTX,2019-12-31,FY,424683939,1938087820,2168803193,1858897406,0.21912522983607627,16.08005493795983
IIIV,2019-12-31,Q1,1934000,83104000,347186000,41111000,0.09308817866769349,15.221236237382465
USAQ,2019-12-31,FY,-166516,-429791,26340,0,0.38743482297209575,983.333284180198
FDS,2019-11-30,Q1,93957000,691878000,1762232000,366658000,0.5431998126837391,24.067802654726485
ARVN,2019-12-31,FY,-70292227,226686281,301641426,42976478,-0.31008593325504336,96.05742822933524
GHC,2019-12-31,FY,327879000,3319239000,5931236000,2932099000,0.09878137729762757,-18.11452476079384
DOV,2019-12-31,FY,677918000,3032660000,8669477000,7136397000,0.22353907131033482,7.157730216115206
AROC,2019-12-31,FY,97330000,1085963000,3109975000,965485000,0.08962552131149956,-15.438248970359442
WERN,2019-12-31,FY,166944000,1111008000,2143864000,2463701000,0.1502635444569256,9.01346203437945
EQIX,2019-12-31,FY,507245000,8840606000,23965615000,5562140000,0.05737672281741772,21.428818652393552
BKSC,2019-12-31,FY,7318433,51168032,445012520,18912252,0.14302744729365396,-13.79126761390187
SSD,2019-12-31,FY,133982000,891957000,1095366000,1136539000,0.15021127700102135,14.670318023923187
DBA,2019-12-31,FY,-7294229,347795397,348039419,9290514,-0.020972758877542016,-4.4685977957913705
SQ,2019-12-31,FY,375446000,1715050000,4551258000,4713500000,0.21891256814670126,242.07160374418382
NODK,2019-12-31,FY,26500000,309803000,508159000,270779000,0.08553822913270691,-2.325590163581752
PGEN,2019-12-31,FY,-323916000,71711000,455763000,90722000,-4.516963924641965,82.29926526181275
CRNC,2019-12-31,Q1,-11762000,926215000,1661927000,77459000,-0.05079598149457739,344.2333296838327
CNK,2019-12-31,FY,193848000,1435814000,5828017000,3283099000,0.13500913070913084,-48.53766362910818
OKTA,2020-01-31,FY,-208913000,405344000,1955395000,586067000,-0.5153967987684535,102.27255259098523
PEN,2019-12-31,FY,47004000,485892000,665901000,547405000,0.09673754661529722,7.000669447190072
COLB,2019-12-31,FY,194451000,2159962000,14079524000,529952000,0.09002519488768784,-15.310886587612085
NFE,2019-12-31,FY,-204319000,84805000,1123814000,145500000,-2.4092801132008725,237.58775538174785
SOHO,2019-12-31,FY,1175568,102605903,487226790,185788133,0.011457118602620747,-63.569322239297556
SRET,2019-12-31,FY,16059000,279047000,699686000,120339000,0.05754944507556075,-41.964866895112785
EBAY,2019-12-31,FY,1786000000,2870000000,18174000000,10800000000,0.6222996515679442,40.847409999133745
RNGR,2019-12-31,FY,4400000,113200000,293500000,336900000,0.038869257950530034,-44.72049827409384
CAG,2020-02-23,Q3,640500000.0,7785000000.0,22202100000.0,7766500000.0,0.32909441233140657,16.66096136897911
FMCB,2019-12-31,FY,56036000,369296000,3721830000,153708000,0.1517373597331138,-4.17914029504432
ELTP,2019-12-31,Q3,-3176719,9079882,24086510,13049340,-1.3994538695546925,-44.444445824181535
BBQ,2019-12-29,FY,-1247000,22372000,73081000,82269000,-0.055739317003397106,21.308453029938377
SWN,2019-12-31,FY,891000000,3246000000,6717000000,3038000000,0.2744916820702403,22.314047306973567
IVZ,2019-12-31,FY,737800000.0,13862500000.0,39420300000.0,6117400000.0,0.05322272317403066,-5.394879521970472
RYN,2019-12-31,FY,67678000,1439981000,2860996000,711556000,0.04699923123985664,-11.23320691810988
OGS,2019-12-31,FY,186749000,2129390000,5708300000,1652730000,0.08770070301823527,-18.991126109888558
CNHC,2019-12-31,FY,149003000,1263041000,12854087000,900889000,0.11797162562418798,33.33334023201937
AWR,2019-12-31,FY,84342000,601530000,1641331000,473869000,0.14021245823150966,-9.568329840636881
COHN,2019-12-31,FY,-3573000,33319000,8001624000,49666000,-0.10723611152795702,309.873426294044
FFIN,2019-12-31,FY,164812000,1227197000,8262227000,319192000,0.13429954603865557,1.566960329537691
CRNX,2019-12-31,FY,-50422000,117139000,130377000,1193000,-0.4304458805350908,-47.82781955767453
HPP,2019-12-31,FY,55846000,3416793000,7466568000,818182000,0.016344566381399167,-37.609564889466995
MMSI,2019-12-31,FY,5451000,949944000,1757321000,994852000,0.005738232990576287,74.63165168758509
OKE,2019-12-31,FY,1278577000,6225951000,21812121000,10164367000,0.2053625221271417,-49.6101467017563
ADC,2019-12-31,FY,80763000,1689331000,2664530000,187478000,0.04780768244944301,-7.424824312990237
JACK,2020-01-19,Q1,7897000,-841153000,1690313000,307673000,-0.03755321564566732,21.863141237095686
SCX,2019-12-31,Q2,2038000,84619000,191404000,108978000,0.09633770193455371,-27.97202733077303
WIRE,2019-12-31,FY,58129000,779096000,883154000,1274994000,0.07461083101440644,1.4634148610765714
IDXX,2019-12-31,FY,427792000,177473000,1832475000,2406908000,2.4104624365396425,89.2046099972092
DSKE,2019-12-31,FY,-307400000,138700000,1140600000,1737000000,-2.2162941600576787,82.59493114569706
FRME,2019-12-31,FY,164460000,1786437000,12457254000,465405000,0.09206034133865341,-11.829771496974704
TSCO,2019-12-28,FY,562354000,1567123000,5289268000,8351931000,0.35884483859913996,58.105492433061514
WRB,2019-12-31,FY,683985000,6074939000,26643428000,7902196000,0.1125912540027151,-4.876988431695663
F,2019-12-31,FY,84000000,33185000000,258537000000,155900000000,0.0025312641253578422,-5.161295549099511
PNW,2019-12-31,FY,557813000,5430648000,18479247000,3471209000,0.10271573484416592,-12.0760597948386
TXRH,2019-12-31,FY,181518000,915994000,1983565000,2756163000,0.19816505348288307,40.198862770464544
HEES,2019-12-31,FY,87211000,307519000,1974610000,1348365000,0.2835954851570147,-12.354175980895247
FNKO,2019-12-31,FY,27820000,225411000,796467000,795122000,0.12341899907280479,-38.46153546901548
MPW,2019-12-31,FY,376401000,7028047000,14467331000,854197000,0.05355698389609517,2.794884583274604
FSFG,2019-12-31,Q1,3603000,123810000,1292573000,13767000,0.11640416767627816,-7.0938871750703
MIDD,2019-12-28,FY,352240000,1946814000,5002143000,2959446000,0.18093151169038232,18.323123719729104
EFSC,2019-12-31,FY,92739000,867185000,7333791000,305134000,0.10694257857319948,-28.81144918777252
NWE,2019-12-31,FY,202120000,2039094000,5910702000,1257910000,0.0991224534033252,-20.650201779234038
NOBH,2019-11-02,FY,8810420,49466315,58421059,46347931,0.17810948723388836,-6.0606060606060606
HNNA,2019-12-31,Q1,2628000,76924000,108660000,10244000,0.13665436014767823,-11.507935081269514
TWOU,2019-12-31,FY,-235222000,711250000,1186830000,574671000,-0.33071634446397186,65.23551383010636
WATT,2019-12-31,FY,-38399089,19012874,24883974,200143,-2.019636221225681,9.039539012174487
BWFG,2019-12-31,FY,18216000,182397000,1882182000,82948000,0.0998700636523627,-36.02634998154157
ELAN,2019-12-31,FY,67900000.0,5546900000.0,8985800000.0,3071000000.0,0.012241071589536499,3.123939057589751
XRX,2019-12-31,FY,1361000000,5587000000,15047000000,9066000000,0.24360121711115088,-37.86275966609862
FRPH,2019-12-31,FY,16177000,374888000,538148000,23756000,0.04315155459763983,-9.656697933500203
FOSL,2019-12-28,FY,-50012000,503054000,1604732000,2217712000,-0.09941676241516816,20.445602130330904
HLT,2019-12-31,FY,886000000,-482000000,14957000000,9452000000,-1.838174273858921,-2.668836548671422
AYX,2019-12-31,FY,27143000,424907000,1342338000,417910000,0.0638798607695331,22.244431102343444
URI,2019-12-31,FY,1174000000,3830000000,18970000000,9351000000,0.30652741514360315,35.773812361274906
SSB,2019-12-31,FY,186483000,2373013000,15921092000,590827000,0.07858490450747636,-17.613831445875363
CNO,2019-12-31,FY,409400000.0,4677000000.0,33630900000.0,4015800000.0,0.08753474449433397,23.22118690954906
ORCL,2020-02-29,Q3,7019000000,14235000000,96704000000,28629000000,1.9723217421847559,26.738703737428928
FTV,2019-12-31,FY,738900000.0,7387000000.0,17439000000.0,7320000000.0,0.10002707459049683,6.953990019855619
MFON,2019-12-31,FY,-8821974,-1714345,5864388,10056922,5.145973535081912,83.00000429153442
TRT,2019-12-31,Q2,1128000,24330000,38455000,18785000,0.18545006165228115,-3.258148223814455
TACO,2019-12-31,FY,-118285000,302107000,862457000,512951000,-0.3915334633093573,14.104999599770467
SON,2019-12-31,FY,292668000,1802682000,5126289000,5374207000,0.16235142970307576,-4.812056322038566
IINX,2019-12-31,Q2,846934,10125900,19513166,14833298,0.33456147107911394,-91.8567413055239
EXEO,2019-11-30,FY,-1378692,-3382627,600149,139450,0.407580262322745,-40.952377816716954
MBIN,2019-12-31,FY,77329000,653728000,6371928000,211995000,0.11828925791766606,39.37087544033951
APPF,2019-12-31,FY,36282000,131950000,260102000,256012000,0.2749677908298598,64.52024048240813
HMST,2019-12-31,FY,17512000,679723000,6812435000,277606000,0.02576343598789507,-2.411763808306526
MPWR,2019-12-31,FY,108839000,773491000,956375000,627921000,0.14071139806410157,97.8373182726009
NYMT,2019-12-31,FY,173736000,2205733000,23483369000,694614000,0.07876565295980974,-41.894063010011976
ANGO,2019-11-30,Q2,-4011000,613810000,724879000,136045000,-0.026138381583877747,-5.1519198742258565
COHU,2019-12-28,FY,-69692000,483072000,1077710000,583329000,-0.14426834923158452,70.40457515402427
VYGR,2019-12-31,FY,-43597000,99512000,354760000,104391000,-0.43810796687836645,-48.74551832883443
CMS,2019-12-31,FY,682000000,5018000000,26837000000,6845000000,0.13591072140294938,-5.856143055760688
MEIP,2019-12-31,Q2,-23211000,77285000,107105000,2165000,-1.2013197903862327,6.451614639885646
SLM,2019-12-31,FY,578276000,3311836000,32686479000,2331032000,0.174608887638156,33.670034246648655
CBZ,2019-12-31,FY,70714000,659238000,1400774000,948424000,0.1072662680245981,-1.075664013452185
ATR,2019-12-31,FY,242227000,1571916000,3562119000,2859732000,0.15409665656434568,17.02992072675227
CUBE,2019-12-31,FY,170771000,1799346000,4029545000,643915000,0.09490726074918332,7.306223858023461
FCEL,2020-01-31,Q1,-40151000,64584000,391399000,16264000,-2.4867459432676826,1205.6603643440674
COKE,2019-12-29,FY,18560000,346952000,3126926000,4826549000,0.05349443150637552,-7.958477508650519
GMS,2020-01-31,Q3,64837000,707326000,2245277000,2470457000,0.3666597862937316,8.495510913539356
RYAM,2019-12-31,FY,-22450000,682798000,2480147000,1775392000,-0.03287941675283173,62.76042030464556
EXP,2019-12-31,Q3,-1535000,897327000,2130225000,1135372000,-0.006842544579623705,9.949256870410036
TMUS,2019-12-31,FY,3468000000,28789000000,86921000000,44998000000,0.12046267671680155,69.7781210129797
ZBH,2019-12-31,FY,1131500000.0,12388100000.0,24638700000.0,7982200000.0,0.09133765468473777,1.8506114786905157
JKHY,2019-12-31,Q2,161468000,1486746000,2187439000,857124000,0.4344198672806249,9.343036164912242
AIT,2019-12-31,Q2,76830000,962241000,2418997000,1689779000,0.31937944859967515,15.654512565334338
FBNC,2019-12-31,FY,92046000,852401000,6143639000,250107000,0.1079843876297658,-16.712598833492144
DUOT,2019-12-31,FY,-2470882,-127270,5532300,13641315,19.414488881904614,789.1213664078438
GRBK,2019-12-31,FY,64302000,523168000,875539000,791660000,0.12290889351030644,101.48083696056341
RNG,2019-12-31,FY,-53607000,745700000,1450747000,902858000,-0.07188815877698806,127.95398968894125
EYPT,2019-12-31,FY,-56793000,8330000,72971000,20365000,-6.817887154861944,-65.09677517798639
TCON,2019-12-31,FY,-22674000,2698000,18121000,0,-8.404002965159377,327.7778032498491
RGCO,2019-12-31,Q1,4006936,86359135,268182613,19785453,0.1855940775692114,-16.620014040168172
SOTK,2019-11-30,Q3,419632,9085926,13871673,9840536,0.18473934302348488,82.32931503874494
CNMD,2019-12-31,FY,28620000,710467000,1775095000,955097000,0.040283362914815185,0.23249083660815806
FHB,2019-12-31,FY,284392000,2640258000,20166734000,678692000,0.10771371585655644,-20.173308900759626
WSCO,2019-12-31,Q1,15269,-79514,15142,28500,-0.7681163065623664,-31.034479746495276
CHUY,2019-12-29,FY,6215000,194936000,446069000,426357000,0.031882258792629375,7.630055815119931
CAG,2019-11-24,Q2,435800000.0,7612100000.0,22492600000.0,5211500000.0,0.22900382286097135,24.29809405959086
AOSL,2019-12-31,Q2,-6431000,295870000,763140000,235662000,-0.08694359009024234,67.69456934287147
NSIT,2019-12-31,FY,159407000,1160318000,4178179000,7731190000,0.1373821659234796,6.160196008900852
B,2019-12-31,FY,158350000,1270528000,2738335000,1491118000,0.1246332233528108,-19.738540547043357
EVTC,2019-12-31,FY,103700000,267187000,1011676000,487374000,0.38811768536642877,15.834310354527018
CTS,2019-12-31,FY,36146000,405219000,643354000,468999000,0.08920114802119347,11.996002512539338
MCFT,2019-12-29,Q2,15502000,87910000,245818000,209417000,0.7053577522466159,70.54313855992372
CLFD,2019-12-31,Q1,501158,75841560,83163430,19377991,0.026431840273327713,75.39455881581286
JVA,2019-10-31,FY,-94598,25264077,39686724,86467432,-0.0037443679418804813,1.0582000570312384
BANF,2019-12-31,FY,134879000,1004989000,8565758000,336657000,0.13420942915793108,-7.479177244804903
OMC,2019-12-31,FY,1435900000.0,2853900000.0,26783400000.0,14953700000.0,0.5031360594274502,-23.413969627249163
RSKIA,2019-04-30,FY,3598000,39553000,43027000,14126000,0.09096655120976917,1.8181771943063447
FIVN,2019-12-31,FY,-4552000,196458000,482380000,328006000,-0.02317034684258213,164.56235918834784
BDSI,2019-12-31,FY,-15305000,69764000,182905000,111389000,-0.21938248953615044,-35.2848094699857
SPGX,2019-06-30,Q2,-192674,1504179,1853348,95986,-0.512369870873081,93.10343863706133
ALKS,2019-12-31,FY,-196620000,1085442000,1805403000,1170947000,-0.181142797127806,1.7647089072715332
SENS,2019-12-31,FY,-115549000,-8649000,132801000,4924000,13.359810382703202,-5.240178735847964
ETON,2019-12-31,FY,-18320000,10550000,17072000,959000,-1.7364928909952606,11.111114054550438
RICK,2019-12-31,Q1,5634000,167371000,376173000,48394000,0.1346469818546821,95.46341314548398
DRI,2020-02-23,Q3,427600000.0,2341200000.0,9973300000.0,6536800000.0,0.7305655219545533,13.673759606960306
ATLO,2019-12-31,FY,17194169,187579472,1737182505,56177493,0.09166338308063901,-14.825373936522269
LIXT,2019-12-31,FY,-2440343,2434135,2672033,0,-1.002550392644615,361.76468732035335
LPSN,2019-12-31,FY,-96071000,148535000,512710000,291609000,-0.6467903187800855,66.43243738122888
IT,2019-12-31,FY,233290000,938593000,7151294000,4245321000,0.24855288714064563,2.7774163593619945
WEWA,2019-11-30,Q2,-536191,-7640519,4742355,0,0.28070920313135794,0.0
AYI,2019-11-30,Q1,57000000.0,1987300000.0,3305200000.0,834700000.0,0.11472852614099532,-7.293180464405753
VZ,2019-12-31,FY,19788000000,62835000000,291727000000,131868000000,0.314920028646455,-4.2182411860303555
YORW,2019-12-31,FY,14402000,134185000,363529000,51578000,0.10732943324514663,2.147035026382714
MTNB,2019-12-31,FY,-17372651,33051582,40240155,89812,-0.525622374142333,-51.10132054485472
NTLA,2019-12-31,FY,-99533000,269881000,334280000,43103000,-0.36880328737480594,272.32446249368604
CLX,2019-12-31,Q2,388000000,555000000,5459000000,2955000000,2.7963963963963963,31.405499107220674
PNR,2019-12-31,FY,355700000.0,1953900000.0,4139500000.0,2957200000.0,0.18204616408209223,12.906043430333538
ITIC,2019-12-31,FY,31458000,191362000,263893000,183502000,0.16439000428507228,-2.1419621403749196
ZDGE,2020-01-31,Q2,-701000,6654000,9160000,4677000,-0.42140066125638714,327.64704570638304
LCLP,2018-06-30,FY,-7950169,-13256220,8252,85409,0.5997312205138418,-24.99999454303165
AYTU,2019-12-31,Q2,-5143277,17090240,74477635,4615062,-1.2037928080588687,-37.73195718981556
AMRN,2019-12-31,FY,-22645000,608263000,882209000,429755000,-0.037228961814215235,-77.61193996655913
BFS,2019-12-31,FY,64196000,374981000,1618340000,231525000,0.17119800736570653,-39.67411730013674
AFL,2019-12-31,FY,3304000000,28959000000,152768000000,22307000000,0.11409233744259124,-17.296788774954358
ENZ,2020-01-31,Q2,-15335000,70860000,116782000,39591000,-0.8656505786057014,12.35059537678827
ARAO,2019-12-31,Q3,-689308,-4154411,88202,35000,0.6636878248204138,149.99999467815675
NCMI,2019-12-26,FY,36100000,-379500000,1130000000,444800000,-0.09512516469038208,-47.78393025422792
CHCT,2019-12-31,FY,8376000,353411000,562531000,60849000,0.023700450749976655,9.659354481316884
ELST,2019-12-31,FY,-190957,1747294,1904203,1408548,-0.10928727506647422,-29.268294101240816
GOOD,2019-12-31,FY,9541000,208134000,1039508000,114387000,0.045840660343816966,-18.801466128071915
EPRT,2019-12-31,FY,48025000,1194450000,1975447000,139357000,0.04020678973586169,-15.961302578457106
REKR,2019-12-31,FY,-15884000,-9035000,28992000,19320000,1.7580520199225236,96.59686806608389
PGAI,2019-12-31,FY,-1568000,-92564000,336000,4000,0.016939630958039843,11099.999883584675
ATSG,2019-12-31,FY,61202000,460342000,2820178000,1452183000,0.13294898140947384,30.775794980664724
CPRI,2019-12-28,Q3,327000000,2609000000,8325000000,4359000000,0.5013415101571483,12.942744897728014
RVSB,2019-12-31,Q3,12854000,145806000,1184100000,38204000,0.35263295063303296,-36.66260919483752
MGNX,2019-12-31,FY,-151811000,230628000,312501000,64188000,-0.6582505159824479,109.92646978259293
MAS,2019-12-31,FY,980000000,-235000000,5027000000,6707000000,-4.170212765957447,13.877890423997346
NXPI,2019-12-31,FY,272000000,9441000000,20016000000,8877000000,0.028810507361508315,22.512966403386812
MDU,2019-12-31,FY,335453000,2847246000,7683059000,5336776000,0.11781665511164122,-13.901040224138935
SSTK,2019-12-31,FY,20108000,328145000,630512000,650523000,0.06127778878239803,66.11474249682071
SYNA,2019-12-31,Q2,23800000.0,691300000.0,1457200000.0,728200000.0,0.13771155793432663,37.813598929541484
MTN,2020-01-31,Q2,107189000,1425482000,5113679000,1192408000,0.30077966610592066,13.41094097689957
VFC,2019-12-28,Q3,1163225000,4567590000,10814262000,9049493000,1.0186772455496225,-15.72920491836946
TTEC,2019-12-31,FY,84734000,431730000,1376788000,1643704000,0.19626618488407108,85.79001159718067
PNTG,2019-12-31,FY,3175000,71111000,447750000,338531000,0.0446485072632926,84.75959793759492
IPTK,2019-06-30,FY,-752579,-1521496,67108,81667,0.49463094217796166,2.499995731438237
ES,2019-12-31,FY,916572000,12629994000,41123915000,8526470000,0.07257105585323319,0.14106353239981545
DCO,2019-12-31,FY,32461000,292800000,790429000,721088000,0.11086407103825137,6.5703537997798005
IPAR,2019-12-31,FY,76070000,468004000,828832000,713514000,0.16254134580046325,-17.342869989176563
TUP,2019-12-28,FY,12400000.0,-277000000.0,1262400000.0,1797900000.0,-0.044765342960288806,325.63173460725545
PTN,2019-12-31,Q2,-9744576,91367135,92755563,117989,-0.4266118665097685,0.0
ULTA,2020-02-01,FY,705945000,1902094000,4863872000,7398068000,0.37114096359065324,1.7457151802869046
CAPC,2019-12-31,FY,-891669,4976642,5834407,12404445,-0.17917081437644097,-68.4615364335697
CRVL,2019-12-31,Q3,35630000,193365000,422080000,445200000,0.7370516898094278,20.650184053901814
SCKT,2019-12-31,FY,286586,13234226,19458487,19253105,0.02165491204396842,55.900619140465494
DD,2019-12-31,FY,600000000,40987000000,69396000000,21512000000,0.014638787908361187,7.959502886692077
ALG,2019-12-31,FY,62906000,569757000,1212763000,1119138000,0.11040847238384083,8.626046648991347
HIG,2019-12-31,FY,2085000000,16270000000,70817000000,20740000000,0.1281499692685925,-21.78706858438952
AXS,2019-12-31,FY,323473000,5544008000,25604054000,5173427000,0.05834641652753748,-15.39367079842116
CGNX,2019-12-31,FY,203865000,1355710000,1885935000,725625000,0.15037508021627044,43.754454394151345
MNRO,2019-12-28,Q3,61800000,746592000,1712213000,970458000,0.3311045390253311,-32.266701409395395
EIX,2019-12-31,FY,1405000000,15496000000,64382000000,12347000000,0.09066855962829118,-17.54409589503993
MBCF,2019-12-31,FY,442721,1815387,7999489,892249,0.24387141694856249,-59.20000076293945
ESS,2019-12-31,FY,464448000,6220427000,12705405000,1460155000,0.07466497074879265,-21.943758634610663
III,2019-12-31,FY,3341000,89674000,218755000,265763000,0.03725717599304146,24.90119057569983
PGTI,2019-12-28,FY,43688000,431548000,922733000,744956000,0.10123555201275408,42.866796587329006
BECN,2019-12-31,Q1,-23410000,1840690000,6538529000,1675112000,-0.05087222726260261,25.515947355268437
PLYA,2019-12-31,FY,-4357000,809651000,2196964000,636477000,-0.005381330968528416,-34.64285689957286
EHC,2019-12-31,FY,445800000.0,1352200000.0,6080700000.0,4605000000.0,0.3296849578464724,18.9548108364944
AVB,2019-12-31,FY,786103000,10989549000,19121051000,4960000,0.07153187087113402,-25.030992369222826
VAC,2019-12-31,FY,142000000,3019000000,9214000000,4080000000,0.047035442199403775,3.7744647543407144
QNTO,2019-12-31,FY,2477000,25907000,302540000,14111000,0.09561122476550739,0.0
FORR,2019-12-31,FY,-9570000,158088000,639160000,461697000,-0.06053590405343859,0.21582770009893515
CUII,2019-12-31,FY,5896789,26238966,89242422,95919338,0.22473404630350144,-33.33333333333333
BMRN,2019-12-31,FY,-23848000,3122381000,4690039000,1704048000,-0.007637761054784794,1.9278500231634004
KOPN,2019-12-28,FY,-29374222,28608635,43046515,29518809,-1.0267606965519327,573.1707352531021
ZDPY,2019-12-31,FY,-12281,5965644,8159503,1260421,-0.0020586209971630892,118.57143130837665
PKE,2019-12-01,Q3,7168000,161163000,184558000,44520000,0.177906839659227,-16.52119963184844
SNDR,2019-12-31,FY,147000000.0,2236400000.0,3660100000.0,4747000000.0,0.06573063852620283,-5.77451991981793
PCRX,2019-12-31,FY,-11016000,354944000,831065000,421026000,-0.03103588171655247,30.596028352716854
SRPT,2019-12-31,FY,-715075000,818187000,1822822000,380833000,-0.8739750203804265,33.15252345311712
TTCM,2019-12-31,FY,-3390816,-4571544,31769,206,0.7417222715126444,-50.434781869271305
OIS,2019-12-31,FY,-231808000,1223967000,1727867000,1017354000,-0.18939072703757537,-69.83445593258534
PKG,2019-12-31,FY,696400000.0,3071000000.0,7235800000.0,6964300000.0,0.2267665255617063,21.144745742366535
TSRI,2019-11-30,Q2,-591584,6286729,11825823,30180431,-0.3764017822304731,118.74999674037103
AFG,2019-12-31,FY,869000000,6269000000,70130000000,8237000000,0.13861859945764876,-21.73278750518802
CVGW,2020-01-31,Q1,-1001000,287011000,471398000,273348000,-0.013950684816958235,-0.600442606458485
BSBK,2019-12-31,FY,2427912,74977847,766612254,23142116,0.03238172469796312,-22.346851755731674
HUSA,2019-12-31,FY,-2515694,5839198,7068835,997992,-0.4308286857201965,-11.466668446858725
MUX,2019-12-31,FY,-59747000,499479000,631223000,117019000,-0.11961864262561589,-23.622047598862046
SFBS,2019-12-31,FY,149243000,842180000,8947653000,390803000,0.1772103350827614,6.117304369711385
MKSI,2019-12-31,FY,140386000,2023344000,3416320000,1899773000,0.06938315975928958,36.978456063294914
WDFC,2019-11-30,Q1,12194000,145992000,317491000,98556000,0.33410049865746066,32.69991511861746
CCRN,2019-12-31,FY,-55943000,162632000,382374000,822224000,-0.3439851935658419,-22.805504686997438
CMG,2019-12-31,FY,350158000,1683026000,5104604000,5586369000,0.20805263852133005,66.31147463290755
AIG,2019-12-31,FY,4169000000,67427000000,525064000000,49746000000,0.06182983077995462,-27.60569156081681
PKOH,2019-12-31,FY,40100000,343700000,1327300000,1618300000,0.11667151585685191,-10.044579241744781
LCII,2019-12-31,FY,146509000,800672000,1862595000,2371482000,0.1829825446624835,23.1587844899312
RSRV,2019-12-31,FY,-266763,32127244,35724295,6491062,-0.008303326609652543,-33.97590361445783
CYTK,2019-12-31,FY,-121692000,-10937000,289814000,26868000,11.126634360427905,94.1564660513954
BERY,2019-12-28,Q1,47000000,1786000000,17024000000,2816000000,0.10526315789473684,17.4757251849641
CFB,2019-12-31,FY,28473000,601644000,4931233000,216218000,0.04732532859963699,-24.618586490654454
DNOW,2019-12-31,FY,-97000000,1144000000,1591000000,2951000000,-0.08479020979020979,-37.98932444730585
BRBS,2019-09-30,Q3,4050000,65375000,736238000,22430000,0.24780114722753346,-32.3999984836578
TXG,2019-12-31,FY,-31251000,420083000,605923000,245893000,-0.07439244149370482,86.47869172643443
MTSI,2020-01-03,Q1,-28362000,293520000,1132207000,119097000,-0.3865085854456255,111.0429489131148
CAC,2019-12-31,FY,57203000,473415000,4429521000,168518000,0.12083056092434756,-24.055582936824855
MCY,2019-12-31,FY,320087000,1799502000,5889157000,141263000,0.17787532328388633,5.561254073322506
CNSL,2019-12-31,FY,-19931000,347251000,3390277000,1336542000,-0.057396522976175736,27.835048759055915
IONI,2019-12-31,FY,-707466,6578242,9792501,7954015,-0.10754636269082225,88.23528793031376
EMKR,2019-12-31,Q1,-1335000,76129000,106989000,25482000,-0.07014409751868539,86.84210196096147
NVTA,2019-12-31,FY,-241965000,379640000,781601000,216824000,-0.6373538088715626,172.41166096018986
FPAY,2019-12-31,FY,577415,9968275,52214892,88789889,0.057925267912452255,-1.5810261780775718
RAVE,2019-12-29,Q2,251000,4663000,12881000,5706000,0.21531203088140682,-47.67442086118175
WNC,2019-12-31,FY,89575000,520988000,1304591000,2319136000,0.1719329427933081,16.47379917695762
CADE,2019-12-31,FY,201958000,2460846000,17800229000,860076000,0.08206852440177077,-13.276027050466588
STC,2019-12-31,FY,90272000,747306000,1592785000,1877453000,0.12079656793870248,18.705557936169335
DHX,2019-12-31,FY,12551000,161195000,278321000,149370000,0.07786221656999287,-30.232561086840203
EKSO,2019-12-31,FY,-12132000,6797000,21915000,13917000,-1.7849051051934677,1.7902817249977154
ROKU,2019-12-31,FY,-59937000,698426000,1470234000,1128921000,-0.08581725193506543,153.599718299266
BR,2019-12-31,Q2,66000000.0,1125400000.0,4384600000.0,1917200000.0,0.23458325928558735,22.52711186289322
IONS,2019-12-31,FY,303262000,1471094000,3233112000,1122599000,0.20614726183371015,-5.595101931224437
KFS,2018-12-31,FY,-28336000,12462000,378240000,52078000,-2.2737923286791846,-34.49477107329569
UNIT,2019-12-31,FY,10908000,-1566868000,5017000000,1057611000,-0.006961658544306221,41.778322646024556
FMC,2019-12-31,FY,480200000.0,2532300000.0,9872700000.0,4609800000.0,0.18962998065000197,12.853137517811412
GDSI,2019-09-30,Q3,-1848568,-5046585,82907,0,1.4652031026922165,41.129028805581086
MSTR,2019-12-31,FY,34355000,508559000,916571000,486327000,0.06755361718109404,156.6570811134647
CSBR,2020-01-31,Q3,72000,3177000,15075000,23375000,0.0906515580736544,44.66402268111393
TBBK,2019-12-31,FY,51559000,484497000,5656963000,179569000,0.10641758359700886,3.238242618711678
MJNE,2019-09-30,Q3,-4288712,5973391,10836009,1197598,-2.8718776319849146,-77.63496200088963
EXPE,2019-12-31,FY,572000000,3967000000,21416000000,12067000000,0.1441895639021931,21.416685586116564
MCOA,2019-09-30,Q3,-10878622,-7496433,4329281,552761,5.804692445060204,-99.35483868399578
LPTH,2019-12-31,Q2,-606040,33255975,46833487,17151842,-0.07289396867780902,435.6164361191727
PKOH,2019-12-31,FY,39700000,335600000,1310400000,1618300000,0.11829558998808105,-10.044579241744781
RL,2019-12-28,Q3,633300000.0,3116500000.0,7445900000.0,4885700000.0,0.8128349109578052,-13.432838751198107
YUMM,2019-12-31,Q1,-9432,9237,11540,3637,-4.084443000974343,125.0
NRG,2019-12-31,FY,4441000000,1658000000,12531000000,9821000000,2.678528347406514,-10.566039655193594
CIEN,2020-01-31,Q1,62328000,2193650000,3830887000,832912000,0.1136516764296948,31.27612931739896
SITC,2019-12-31,FY,101825000,1978414000,4093622000,507988000,0.051467994059888375,-28.601997845594013
UE,2019-12-31,FY,116197000,1014776000,2846358000,387649000,0.11450507304074987,-29.405632187611502
EPAC,2020-02-29,Q2,4283000,354365000,879342000,280060000,0.04834563232824912,12.579763726976525
WVVI,2019-12-31,FY,2510901,49045106,67915487,24749263,0.05119575029565641,-6.782103922567148
HFBL,2019-12-31,Q2,1835000,49974000,455295000,10330000,0.146876375715372,-21.146851652985685
FND,2019-12-26,FY,150631000,764336000,2324309000,2045456000,0.19707432333424044,98.52883126243806
DT,2019-12-31,Q3,-464726000,899190000,1988307000,395226000,-2.0673094674095576,65.53360605152736
MRAM,2019-12-31,FY,-14669000,18489000,35372000,37503000,-0.793390664719563,-14.448672924172017
OVLY,2019-12-31,FY,12489000,112570000,1147785000,42602000,0.11094430132362086,-11.819112771160103
AIZ,2019-12-31,FY,386800000.0,5652800000.0,44291200000.0,10086800000.0,0.06842626662892726,1.1061923466487646
PBHC,2019-12-31,FY,4286000,90434000,1093807000,41758000,0.04739367936837915,-20.71941899140225
BGS,2019-12-28,FY,76389000,812542000,3227590000,1660414000,0.09401237105281943,73.83123249512941
DVA,2019-12-31,FY,1021294000,2133409000,17311394000,11388479000,0.47871458309213094,54.60482725212042
ALRM,2019-12-31,FY,53330000,355651000,557799000,502363000,0.1499503726968292,133.25576101832263
LBUY,2019-12-31,Q2,-3372382,2171541,5045459,1295516,-6.211960999124585,18.260873846836407
UNIR,2019-12-29,FY,961423,10776509,65766021,91136244,0.08921469837773996,-46.93333307902019
ICUI,2019-12-31,FY,101035000,1377244000,1692382000,1266208000,0.07336027602951982,14.712483699059357
AURX,2019-09-30,Q3,-1252817,-1284804,38495,141277,3.900414382271537,-50.0
EVBG,2019-12-31,FY,-52250000,220312000,837296000,200882000,-0.23716365881114057,88.5245818343417
THG,2019-12-31,FY,425100000.0,2916200000.0,12490500000.0,4890700000.0,0.14577189493176052,-15.350842180889279
XNCR,2019-12-31,FY,26875000,593201000,670250000,156700000,0.045305048373148395,30.008723111319945
VRVR,2019-09-30,FY,-1023087,-683948,353555,334394,1.4958549480369854,-87.50178532982986
TISI,2019-12-31,FY,-32417000,436670000,985217000,1163314000,-0.07423683788673369,-32.06011141304893
GSHD,2019-12-31,FY,10382000,-9007000,64628000,77486000,-1.1526590429665815,193.74999662615232
INPX,2019-12-31,FY,-33982000,6022000,21219000,6301000,-5.642975755562936,-78.79759034961016
GCBC,2019-12-31,Q2,9976000,120546000,1443951000,25805000,0.33102715975644154,-10.976039090906923
BXMT,2019-12-31,FY,307393000,3762583000,16551871000,882679000,0.08169733398572204,-23.670072768268934
KPTI,2019-12-31,FY ,-199590000,49774000,294963000,40893000,-16.03969944147547,-23.05685998280103
JCI,2019-12-31,Q1,191000000,19329000000,42513000000,5576000000,0.03952610067773812,12.74871667434104
CIIT,2020-01-31,Q2,-37255,-214133,9968,0,0.6959226275258834,9.374998370185518
BRN,2019-12-31,Q1,-419000,3459000,23322000,4850000,-0.48453310205261635,41.747580456435024
PACK,2019-12-31,FY,-17200000.0,531799999.99999994,1104400000.0,140700000.0,-0.03234298614581231,52.88344320676105
JOUT,2019-12-27,Q1,6430000,330239000,486123000,128054000,0.07788298777552015,42.2119900937406
SATS,2019-12-31,FY,-74252000,3669805000,7154298000,1886081000,-0.02023322765106048,-50.84276093175849
TACT,2019-12-31,FY,516000,25926000,36061000,45748000,0.019902800277713493,-35.824979120444546
RCKT,2019-12-31,FY,-77270000,307297000,372121000,0,-0.25145055109551995,145.34270470581285
USAC,2019-12-31,FY,599208,16876197,54939249,11966286,0.035506103655936226,-31.091508155545444
VXRT,2019-12-31,FY,-18645000,12952000,37032000,9862000,-1.4395460160592959,1534.2856821721907
KOP,2019-12-31,FY,67400000.0,147300000.0,1564600000.0,1772800000.0,0.4575695858791582,-22.056515007669315
SMLR,2019-12-31,FY,15084000,13073000,18287000,32767000,1.1538285014916239,89.58333333333334
AINC,2019-12-31,FY,-15374000,41396000,782500000,291250000,-0.37138853995555127,-75.4152544407076
TPL,2019-12-31,FY,318728000,512137000,598176000,490496000,0.622349097995263,-12.180944767564503
ARAV,2019-12-31,FY,-18218000,69049000,82121000,4753000,-0.26384161971932973,-57.05925491735264
IEHC,2019-03-29,FY,5160776,22268256,26084652,28406666,0.23175483522373733,-15.887846469004336
FFWM,2019-12-31,FY,56239000,613869000,6314436000,248760000,0.0916140088520515,14.88505867453956
NDLS,2019-12-31,FY,1647000,50571000,378519000,462411000,0.032568072610784836,41.696750156779586
CMTV,2019-12-31,FY,8824446,68894679,737955319,31758808,0.12808603114327596,-7.4999988079071045
GSBC,2019-12-31,FY,73612000,603066000,5015072000,234994000,0.12206292511930701,-23.3259641960658
WHR,2019-12-31,FY,1198000000,3195000000,18881000000,20419000000,0.37496087636932707,24.178132219947486
GSTX,2019-09-30,FY,-1246554,-982255,147406,0,1.2690737130378569,5.66038351204981
UAL,2019-12-31,FY,3009000000,11531000000,52611000000,43259000000,0.26094874685630043,-50.34623283364507
VRSN,2019-12-31,FY,612299000,-1490100000,1854009000,1231661000,-0.4109113482316623,11.910947207502117
ANIP,2019-12-31,FY,6094000,212791000,456789000,206547000,0.028638429256876465,-54.2240953779501
SFM,2019-12-29,FY,149629000,581952000,2722983000,5634835000,0.25711570713735843,3.8382802705194194
UUP,2019-12-31,FY,13468833,228317217,239810147,7733108,0.058991753565391436,-6.546010398685817
NWL,2019-12-31,FY,106600000.0,4963300000.0,15642000000.0,9714900000.0,0.021477645921060586,9.15712950967146
CMBM,2019-12-31,FY,-17601000,39929000,172479000,267028000,-0.4408074331939192,185.46912375659525
RUN,2019-12-31,FY,26335000,964731000,5806341000,858578000,0.027297764869170786,361.76682491030385
LPLA,2019-12-31,FY,559880000,1023873000,5880238000,5624856000,0.5468256316945559,12.791331221417682
BZH,2019-12-31,Q1,2746000,539280000,1968104000,417804000,0.020367897937991396,10.332625805535887
HAYN,2019-12-31,Q1,3268000,303626000,606967000,108453000,0.043052966478496574,-33.90161982840898
PPG,2019-12-31,FY,1269000000,5284000000,17708000000,15146000000,0.24015897047691143,7.049208192445683
MXC,2019-12-31,Q3,-101777,8352135,9782700,2095253,-0.048742986074817994,53.55330210332383
WPC,2019-12-31,FY,306544000,6941929000,14060918000,1232766000,0.044158331207363254,-12.343829423458741
ATEN,2019-12-31,FY,-17819000,108787000,274053000,212628000,-0.16379714487944333,40.75691757463542
FDP,2019-12-27,FY,69300000.0,1719200000.0,3349900000.0,4489000000.0,0.04030944625407166,-28.766733710884413
HBUV,2019-09-30,Q3,356030,-744286,4109488,-311792,-1.9134042558908806,-43.33333498901785
TRNS,2019-12-28,Q3,5574000,64784000,114011000,127337000,0.3441590516176834,3.315606783574751
FNLC,2019-12-31,FY,25525000,212508000,2068796000,78651000,0.12011312515293542,-16.969894933670577
FCUV,2019-12-31,FY,-3175543,6688575,7228579,1460370,-0.4747712330354373,-30.000002861023223
FTK,2019-12-31,FY,-32279000,173276000,231847000,119353000,-0.1862866178812992,5.499998728434244
WMB,2019-12-31,FY,714000000,13363000000,46040000000,8201000000,0.0534311157674175,-15.3456977024409
STWD,2019-12-31,FY,536935000,4700425000,78042336000,1196419000,0.11423115994830255,-20.43443201522196
TRIP,2019-12-31,FY,126000000,1161000000,1984000000,1560000000,0.10852713178294573,-8.657008668265668
SPOK,2019-12-31,FY,-10765000,250094000,319872000,160289000,-0.04304381552536246,-8.258375413011954
RASP,2019-12-31,Q1,-158042,2426483,4909819,0,-0.2605285097814409,-66.66666749450893
ALCO,2019-12-31,Q1,898000,194486000,405069000,11005000,0.01846919572617052,-14.429254031356534
AFOM,2019-09-30,FY,-7498507,-9264520,280586,6603,0.8093788992845825,-99.444444456047
ZUO,2020-01-31,FY,-83394000,164659000,402227000,276057000,-0.5064648758950315,0.0
CYBF,2019-12-31,Q3,-265773,-839432,39,0,1.2664420703523336,65.5000112690034
PLSE,2019-12-31,FY,-46971000,30737000,41915000,0,-1.528158245762436,72.03579386524987
FAF,2019-12-31,FY,709848000,4420484000,11519167000,6202061000,0.1605815109838651,-11.985593107590292
PMTS,2019-12-31,FY,-4454000,-152435000,213487000,278073000,0.029219011381900483,361.11113392276593
ZYXI,2019-12-31,FY,9492000,19742000,28277000,45472000,0.4808023503191166,69.25033097469982
PNM,2019-12-31,FY,92131000,1678698000,7298774000,1377208000,0.05488241482386945,-4.338396376767222
MITK,2019-12-31,Q1,560000,111524000,146997000,22067000,0.020085362791865426,124.83660847736672
PPL,2019-12-31,FY,1746000000,12991000000,45680000000,7769000000,0.13440073897313526,-23.91304786966494
DRQ,2019-12-31,FY,1720000,1090701000,1206565000,375297000,0.001576967473212182,-34.79002291176632
PLUG,2019-12-31,FY,-85465000,134679000,771184000,230239000,-0.6345829713615337,927.2151330002164
AMK,2019-12-31,FY,-420000,858861000,1188960000,417936000,-0.0004890197598912979,-17.5051683100405
LRDG,2020-01-31,Q2,-1285276,-2464267,16087,620,2.0862609449381906,31.746030094101542
HLIO,2019-12-28,FY,60268000,577636000,1021751000,554665000,0.10433560235165398,15.651029278429341
BLMN,2019-12-29,FY,134117000,170342000,3592683000,4139389000,0.7873395874182527,-14.136832691558473
WHLR,2019-12-31,FY,-8144000,23927000,484365000,63162000,-0.3403686212228863,54.268291619191324
ESQ,2019-12-31,FY,14143000,111062000,798008000,36659000,0.12734328573229367,-25.700034269355964
MSCI,2019-12-31,FY,563648000,-76714000,4204439000,1557796000,-7.347394217483119,68.32055916507271
SCSC,2019-12-31,Q2,22896000,927580000,2210130000,1996430000,0.09873434097328532,-30.663057347132593
QBAK,2019-12-31,FY,-7000,6743000,10038000,13439000,-0.0010381135992881506,-53.591159105109234
PDLB,2019-12-31,FY,-5125000,158402000,1053756000,50491000,-0.03235438946477948,-29.863944193000414
TPC,2019-12-31,FY,-360225000,1440142000,4485777000,4450832000,-0.25013158424655346,1.6329707912389808
KANP,2019-12-31,FY,-3870000,80405000,106158000,4184000,-0.04813133511597537,-23.484848484848484
MBCN,2019-12-31,FY,12711000,137775000,1182475000,54525000,0.0922591181273816,-14.56496441102405
SAIA,2019-12-31,FY,113719000,815226000,1415693000,1786735000,0.13949383361178372,95.80111302965689
PTCT,2019-12-31,FY,-251576000,594330000,1623782000,306980000,-0.42329345649723216,32.104939361958316
RGS,2019-12-31,Q2,-23207000,275061000,1498597000,455803000,-0.3374815041027263,-47.5097903449178
DVAX,2019-12-31,FY,-152600000,8290000,279068000,35219000,-18.407720144752712,-17.8321681527953
MGTI,2019-12-31,FY,-8781000,3227000,4294000,450000,-2.721103191819027,138.888907285385
CEI,2019-12-31,Q3,-3398240,3082846,5101015,308219,-4.409224463369237,-47.64397905759162
AMCX,2019-12-31,FY,407716000,665781000,5596686000,3060321000,0.6123875568693009,-11.670887621143196
PRTH,2019-12-31,FY,-33589000,-126343000,464505000,371854000,0.2658556469293906,186.5306058897173
CELH,2019-12-31,FY,9971260,63458989,90382236,75146546,0.15712919725210245,746.3768261881927
BMI,2019-12-31,FY,47177000,331068000,421893000,424625000,0.14249942609977406,42.615120959332025
STZ,2019-11-30,Q3,-410200000.0,11709400000.0,27093700000.0,7037400000.0,-0.14012673578492493,10.065560803543175
FTDR,2019-12-31,FY,153000000,-179000000,1250000000,1365000000,-0.8547486033519553,4.006751580018387
CRM,2020-01-31,FY,126000000,33885000000,55126000000,17098000000,0.0037184594953519256,23.723328714378162
EIG,2019-12-31,FY,157100000.0,1165800000.0,4004100000.0,835900000.0,0.13475724824155086,-23.736526580627807
AFOM,2019-12-31,Q1,-1991504,-10751188,225987,2183,0.7409428613842489,200.0
TTMI,2019-12-30,FY,41301000,1279037000,3560933000,2689308000,0.032290699956295243,-7.5940867321920384
POR,2019-12-31,FY,214000000,2591000000,8394000000,2123000000,0.08259359320725589,-25.27335016568189
ECPG,2019-12-31,FY,168909000,1022193000,4909950000,126527000,0.16524178897722838,4.638007243609412
MLM,2019-12-31,FY,612000000.0,5350800000.0,10131600000.0,4739100000.0,0.11437542049786947,-1.9882805696323267
GKOS,2019-12-31,FY,15424000,673272000,818400000,236984000,0.022909017455055313,33.247659637408375
ENVA,2019-12-31,FY,36612000,376613000,1574352000,1174757000,0.09721385082299336,1.9118911140145018
PURE,2020-01-31,Q2,-1791000,776000,1468000,747000,-9.231958762886597,65.90909614296987
MYO,2019-12-31,FY,-10713009,1824708,6598693,3837730,-5.871081290814749,-27.242520864398596
AMPY,2019-12-31,FY,-35197000,434207000,877539000,275575000,-0.0810604158845896,-79.87897101284611
OSBC,2019-12-31,FY,39455000,277864000,2635545000,115594000,0.14199392508565342,-25.092799164334934
KRMD,2019-12-31,FY,564349,11236080,13881861,23162621,0.05022650248129241,-10.719759013956285
FCNCA,2019-12-31,FY,457371000,3586184000,39824496000,1404011000,0.1275369585051966,5.879253816259657
RELL,2019-11-30,Q2,-622000,121677000,152976000,39634000,-0.02044757842484611,-19.930068326932574
HCSG,2019-12-31,FY,64581000,460305000,722592000,1840778000,0.14030045296053703,13.856911519413389
FGBI,2019-12-31,FY,14241000,166035000,2117216000,91643000,0.08577107236426054,-18.14423018356737
WSR,2019-12-31,FY,18299000,4159000,57881000,14253000,4.399855734551575,-42.58443291212718
MOH,2019-12-31,FY,737000000,1960000000,6787000000,132000000,0.3760204081632653,52.80418056402078
EQR,2019-12-31,FY,1009708000,10315506000,21172769000,2701075000,0.09788254691529431,-27.879384662729272
NUVR,2019-12-31,FY,8329979,80758055,162245408,64941341,0.10314734548770398,0.5263177972090871
RJF,2019-12-31,Q1,268000000,6842000000,40154000000,2060000000,0.15667933352820812,5.063716446462347
ACUR,2019-09-30,Q3,-3929000,-4917000,2466000,1437000,3.1962578808216393,-11.666674945089223
FRHC,2019-12-31,Q3,20900000,142596000,523241000,91809000,0.586271704676148,254.53919788381376
GBX,2019-11-30,Q1,24011000,1281808000,2948776000,769359000,0.07492853843945427,25.41770292159305
ACA,2019-12-31,FY,113300000.0,1790400000.0,2302500000.0,1736900000.0,0.06328194816800715,20.987659818050496
AC,2019-12-31,FY,42782000,896432000,1010906000,31265000,0.047724757706105986,-7.550249781905384
GWSN,2019-12-31,FY,-773620,-2105528,38908,14601,0.3674232781516085,1.9999980926513672
CODI,2019-12-31,FY,307141000,1115327000,1891892000,1450253000,0.2753820180090682,-23.20997713636852
INVU,2019-12-31,Q3,-8587449,-6059200,11406417,19717448,5.669031555320834,212.68290493404695
ASPS,2019-12-31,FY,-305857000,-22826000,385119000,648651000,13.39950056952598,-31.298500851597126
IFF,2019-12-31,FY,460268000,6217304000,13287411000,5140084000,0.0740301584094971,-13.93582604366057
BAH,2019-12-31,Q3,343737000,915037000,4630627000,5494194000,1.5026146483694103,22.620560366339664
BUDZ,2019-12-31,FY,-27529679,1199642,1952612,0,-22.948245393208975,-25.0
GNRC,2019-12-31,FY,252308000,1032382000,2665669000,2204336000,0.24439403244148,120.07158084943781
DPZ,2019-12-29,FY,400709000,-3415759000,1382092000,3618774000,-0.11731184782064542,35.28730127411019
NGM,2019-12-31,FY,-42795000,330719000,380403000,103544000,-0.1293998832846011,70.03786329498864
ODP,2019-12-28,FY,99000000,2173000000,7311000000,10647000000,0.04555913483663138,8.037732682138119
ABCB,2019-12-31,FY,161441000,2469582000,18242579000,636394000,0.06537179166352848,-12.082743956341355
PLX,2019-12-31,FY,-18276000,-70322000,45392000,54693000,0.2598902192770399,6.097562482568367
HLX,2019-12-31,FY,57697000,1699591000,2596731000,751909000,0.03394757915286678,-57.217031811029486
IEX,2019-12-31,FY,425521000,2263229000,3813912000,2494573000,0.18801499980779673,13.505811469499454
ESE,2019-12-31,Q1,86777000,915491000,1431569000,171728000,0.3791495492582669,10.48648318728885
MAR,2019-12-31,FY,1273000000,703000000,25051000000,20972000000,1.8108108108108107,-14.81212029363623
FSEA,2019-12-31,FY,-79000,57066000,409493000,15448000,-0.001384361966845407,-4.458610259735007
ACU,2019-12-31,FY,5513608,55704981,110748853,142457342,0.09897872508025808,35.77132406068495
CNBX,2019-11-30,Q1,-5142194,6021284,6461740,1754,-3.4160116015122357,123.07691273134395
PCTY,2019-12-31,Q2,19373000,331564000,2323432000,249853000,0.233716567540505,72.33074593592028
WD,2019-12-31,FY,173230000,1035689000,2675199000,817219000,0.16726063519067982,39.28570796664251
APD,2019-12-31,Q1,488900000.0,11556000000.0,19651600000.0,2254700000.0,0.16922810661128418,14.358059791672956
DFIN,2019-12-31,FY,37600000.0,268600000.0,886900000.0,874700000.0,0.13998510796723754,63.80132933269852
CNXN,2019-12-31,FY,82111000,597312000,937335000,2820034000,0.13746752116147004,-7.349982958304651
ETST,2019-12-31,Q3,-937883,-647782,189708,464730,5.791349558956562,-71.92982483658655
AN,2019-12-31,FY,450000000.0,3162100000.0,10543300000.0,21335700000.0,0.14231048986433067,41.31194676399073
CUBI,2019-12-31,FY,79327000,1052795000,11520717000,463739000,0.07534895207519032,-24.48551051857534
PHX,2019-12-31,Q1,1892114,80108933,127078162,7593838,0.09447705413826944,-80.10704717676246
URG,2019-12-31,FY,-8418000,44333000,90390000,32255000,-0.18988112692576636,40.677969526265294
VTSI,2019-12-31,FY,-75277,10181200,17459793,18711923,-0.007393725690488351,-26.283367586626234
VRNS,2019-12-31,FY,-78764000,93532000,318312000,254190000,-0.8421075140059017,111.68446028280941
ARKR,2019-12-28,Q1,1671000,42514000,147150000,43514000,0.15721879851343087,-24.83516315837483
PLYM,2019-12-31,FY,-11938000,107997000,685481000,75290000,-0.11054010759558136,-18.216419461553077
SIGI,2019-12-31,FY,271623000,2194936000,8797150000,2846491000,0.12374984965393068,1.4879600926153924
MRC,2019-12-31,FY,39000000,642000000,2325000000,3662000000,0.06074766355140187,-52.346042255182404
SNNF,2019-12-31,FY,1117000,21069000,210238000,8769000,0.05301627984242251,-19.574465430014808
ROP,2019-12-31,FY,1767900000.0,9491900000.0,18108900000.0,5366800000.0,0.18625354249412657,18.454109784535035
GPRE,2019-12-31,FY,-148000000,751905000,1698218000,2417238000,-0.19683337655687885,-12.767337835813258
LOPE,2019-12-31,FY,259175000,1443433000,1690289000,778643000,0.17955457579257228,-4.321953596492087
LINC,2019-12-31,FY,2015000,43148000,194763000,273342000,0.04669973115787522,134.44443747830502
NHC,2019-12-31,FY,67976000,778593000,1286648000,996383000,0.08730620491065294,-22.260786527635084
NVRO,2019-12-31,FY,-103686000,216352000,469645000,390255000,-0.4792467830202633,50.161645929240315
LMT,2019-12-31,FY,6230000000,3127000000,47528000000,59812000000,1.992324912056284,-9.111924223486042
EXPR,2020-02-01,FY,-164358000,406302000,1790739000,2019194000,-0.4045217596762999,44.57831325301205
TMST,2019-12-31,FY,-110000000,563100000,1085200000,1208800000,-0.19534718522464925,-40.5852417688717
BFAM,2019-12-31,FY,180386000,971268000,3330420000,2062017000,0.18572216937034886,13.407419026834615
MVIS,2019-12-31,FY,-26483000,-3977000,11836000,8886000,6.659039476992708,777.777766739881
SPTN,2019-12-28,FY,5742000,687538000,2275609000,8536065000,0.00835153838769639,21.207868724049376
ALDS,2019-12-31,Q2,-2192810,-504060,261836,146,17.401182398920763,-16.714285339222464
WTRG,2019-12-31,FY,224543000,3880860000,9361985000,889692000,0.05785908278062079,-1.7682105680445221
AXR,2020-01-31,Q3,-2027000,90354000,97314000,14014000,-0.08973592757376542,31.147543033967924
DYAI,2019-12-31,FY,-8307965,35864471,37452496,1681076,-0.23164889285555054,3.281854863467617
SHOO,2019-12-31,FY,141722000,828501000,1278647000,1768135000,0.17105833306175852,-20.948613515807313
WW,2019-12-28,FY,119447000,-685543000,1498314000,1413337000,-0.17423706463343655,-22.43889071829985
FLXS,2019-12-31,Q2,4167000,209241000,269734000,203297000,0.0796593401866747,62.44980163861547
ERIE,2019-12-31,FY,316821000,1133253000,2016240000,2477298000,0.27956775759693553,45.83734719150038
TGLS,2019-12-31,FY,24269000,186604000,569668000,430912000,0.1300561617114317,-15.151515151515152
FSBW,2019-12-31,FY,22717000,200242000,1713056000,89625000,0.11344772824881894,-12.791973240787108
JVA,2020-01-31,Q1,-599848,24912260,40704887,19285501,-0.09631370257054157,16.995075540520176
AIV,2019-12-31,FY,508027000,1780649000,6828739000,914294000,0.2853044030575369,-27.821312468075536
VIR,2019-12-31,FY,-174683000,423942000,512071000,8091000,-0.4120445721348675,127.27634478887697
TLRY,2019-12-31,FY,-321169000,285271000,896330000,166979000,-1.125838238026298,-52.014006598112715
LXRX,2019-12-31,FY,130133000,117101000,417715000,32331000,1.1112885457852624,-18.795185346599133
MHH,2019-12-31,FY,11145000,46280000,90584000,193574000,0.24081676750216077,47.877157095922925
THCT,2020-01-31,Q2,-1012512,-1599186,249494,0,2.532568444195985,-40.350875817067276
KMI,2019-12-31,FY,2239000000,33742000000,74157000000,13209000000,0.06635646968170233,-35.89985996259002
LEAT,2019-12-31,FY,1375728,10721721,18188493,28317817,0.12831223644039982,214.65518968921828
SAFT,2019-12-31,FY,99601000,808406000,2022669000,877753000,0.12320665606143448,-16.081268182992016
WTI,2019-12-31,FY,74086000,-249365000,1003719000,534896000,-0.2970986305215247,-60.251797465987835
OPGN,2019-12-31,FY,-12446458,4293339,10421824,3498614,-2.89901589415604,50.442475336758854
MHO,2019-12-31,FY,127587000,1003477000,2105594000,2500290000,0.12714491712316275,16.03558225660631
TNET,2019-12-31,FY,212000000,475000000,2748000000,3856000000,0.4463157894736842,42.81928564285701
ACAD,2019-12-31,FY,-235259000,699135000,783183000,339076000,-0.3365001036995716,25.712950710329107
CF,2019-12-31,FY,646000000,2897000000,12172000000,4590000000,0.22298929927511218,-22.60159307952892
BAX,2019-09-30,Q3,1030000000,7588000000,17299000000,8323000000,0.5429625724828677,-9.065965696247003
RMAX,2019-12-31,FY,46856000,497886000,542352000,282293000,0.09410989664300663,-4.572621614654542
HEI,2020-01-31,Q1,129802000,1778646000,3097121000,506275000,0.29191193750751976,-3.830762419109443
AWX,2019-12-31,FY,-535000,37030000,79164000,68357000,-0.014447745071563597,41.666671323279644
JBSS,2019-12-26,Q2,30387000,228916000,399703000,464269000,0.5309720596201226,-14.206223737797236
CRMT,2020-01-31,Q3,42084000,291670000,597893000,481070000,0.5771454040525251,8.19821470220064
NWN,2019-12-31,FY,61735000,865999000,3428454000,746372000,0.071287611186618,-38.206972332917246
WPS,2019-12-31,FY,184700000.0,1939800000.0,5641600000.0,1411900000.0,0.0952160016496546,-7.84516365297379
LFER,2019-11-30,Q2,-2140658,-4278339,351354,53189,2.001391661577075,-82.42229372082016
RNR,2019-12-31,FY,950267000,5971367000,26330094000,4201954000,0.1591372628746483,-17.130905570423142
OLN,2019-12-31,FY,-11300000.0,2417500000.0,9187800000.0,6110000000.0,-0.004674250258531541,41.739134857620016
NAII,2019-12-31,Q2,572000,76120000,109521000,58298000,0.03005780346820809,34.461146824434834
TSLA,2019-12-31,FY,-775000000,6618000000,34309000000,24578000000,-0.11710486551828347,696.0103662414468
BNGO,2019-12-31,FY,-29815070,3613718,30207866,10129508,-8.250524805754074,7.258069353967154
QNBC,2019-12-31,FY,12357000,120717000,1225023000,46418000,0.10236337881160068,-17.07633125033434
ACUR,2019-12-31,FY,-3774000,-4741000,2562000,2657000,0.7960345918582578,-12.086960065342238
PSSR,2019-10-31,FY,-3837333,455729,14447260,15046149,-8.42020806224752,-77.39200634576507
EGHT,2019-12-31,Q3,-122268000,219491000,732499000,324759000,-2.2282098127030268,85.95628523514065
FSLY,2019-12-31,FY,-51550000,257652000,320969000,200462000,-0.20007607160045332,345.9890557911363
KMT,2019-12-31,Q2,1181000,1306168000,2623033000,1023168000,0.003616686368062914,-3.33423573485196
MKTX,2019-12-31,FY,204902000,770091000,954930000,511352000,0.26607504827351575,48.977869180521175
CSL,2019-12-31,FY,472800000.0,2642800000.0,5496000000.0,4811600000.0,0.17890116543060391,-4.201682653007926
CSCO,2020-01-25,Q2,5804000000,35533000000,90426000000,25164000000,0.6533644780907888,-5.687804283775539
GDOT,2019-12-31,FY,99897000,927356000,2460590000,1108595000,0.10772238493092189,128.2832633835711
BLCM,2019-12-31,FY,-112477000,-26217000,116250000,7143000,4.290231529160469,-74.03100772328362
ARS,2019-12-31,FY,-11800000,-61200000,2712200000,3375900000,0.19281045751633988,409.99998286366485
GIFI,2019-12-31,FY,-49394000,152685000,252777000,303308000,-0.3235026361463143,-35.502961139842036
CLTS,2016-12-31,FY,-121630,6480914,6751470,0,-0.018767414596151097,43.74999345163846
HUM,2019-12-31,FY,2707000000,12037000000,29074000000,64888000000,0.2248899227382238,11.330896001349528
VRNT,2020-01-31,FY,35683000,1229368000,3016058000,1303634000,0.029025483012409627,27.293112216474487
LSMG,2019-12-31,FY,-296887,-1369190,242757,0,0.21683404056412917,99.94596768771095
SNX,2019-11-30,FY,500712000,3788450000,11697960000,23757293000,0.13216803706001135,32.12691949103774
DLA,2019-12-28,Q1,791000,154824000,434013000,95889000,0.020436108096935874,-32.39024092511433
WCRS,2019-12-31,FY,3455550,62738703,91906628,116914541,0.055078441771421384,54.54545553065526
SBGI,2019-12-31,FY,105000000,1502000000,17370000000,4240000000,0.06990679094540612,-5.368928936217782
VERY,2019-12-31,FY,-19324000,212417000,721782000,135300000,-0.09097200318241949,-21.42857683488825
PRGS,2019-11-30,FY,26400000,330282000,881271000,413298000,0.0799316947335913,-0.17019132751368649
VSTM,2019-12-31,FY,-149209000,7174000,145046000,17456000,-20.798578199052134,60.4477572106497
TG,2019-12-31,FY,48259000,376749000,712668000,972358000,0.12809323979625692,-25.86130016998871
RVP,2019-12-31,FY,3148234,28542455,39177730,41797179,0.11030004251561402,615.3333028157551
OFIX,2019-12-31,FY,-28462000,327631000,495620000,459955000,-0.08687212138045546,-8.488527409566151
AX,2019-12-31,Q2,82081000,1160752000,12269288000,293633000,0.2828545632486526,22.523109751722803
FMBH,2019-12-31,FY,47943000,526609000,3839426000,149721000,0.0910409810694462,-4.680855392564273
FCEL,2019-10-31,FY,-77568000,75737000,333446000,60752000,-1.024175766138083,800.0000558793557
NSSC,2019-12-31,Q2,6805000,78302000,101360000,52114000,0.3476284130673546,-11.02415732699653
BSX,2019-12-31,FY,4700000000,13877000000,30565000000,10735000000,0.3386899185702962,-21.494915874201716
CWT,2019-12-31,FY,63116000,779906000,3111308000,19205000,0.08092770154351935,4.654766577304401
RMD,2019-12-31,Q2,280702000,2258106000,4353939000,1417213000,0.4972344079507339,36.323154702674664
STLD,2019-12-31,FY,677900000,4075834000,8275765000,10451132000,0.16632178837509085,6.844882355142927
ACRS,2019-12-31,FY,-161354000,69912000,98297000,4227000,-2.3079585764961665,246.03174663244795
AXP,2019-12-31,FY,6759000000,23071000000,198321000000,12084000000,0.292965194399896,-5.100810171970563
SACH,2019-12-31,FY,6196011,82560818,141211245,12680506,0.07504783927891799,-2.304156174052149
PESI,2019-12-31,FY,2191000,30855000,66515000,73459000,0.07100956084913304,-34.945056833746904
IDN,2019-12-31,FY,-2548711,11749513,13997171,7663658,-0.2169205651332102,44.99332427958116
CNP,2019-12-31,FY,791000000,8359000000,35439000000,12301000000,0.0946285440842206,-21.89219332779104
PFGC,2019-12-28,Q2,77300000.0,1378500000.0,6111100000.0,12311600000.0,0.22430177729416031,-6.872446546654652
RKDA,2019-12-31,FY,-28873000,7705000,32574000,1169000,-3.747306943543154,-54.927005279527165
AHH,2019-12-31,FY,32258000,408577000,1804897000,257198000,0.0789520702340073,-39.72751940220473
CLAR,2019-12-31,FY,18972000,181192000,230265000,229437000,0.10470660956333613,10.323453116950933
STCC,2019-06-30,Q2,-60722,1239905,6811833,4313901,-0.1958924272424097,-53.27102767946377
MXL,2019-12-31,FY,-19898000,414920000,705791000,317180000,-0.04795623252675214,67.53063330538225
GKIT,2019-09-30,Q3,140256,-2469550,2349764,913252,-0.22717661112348403,-29.62963371773959
HONE,2019-12-31,FY,18268000,665794000,4058921000,154784000,0.027437916232348144,-2.3657892110709526
MRSN,2019-12-31,FY,-28208000,78318000,107541000,42123000,-0.36017262953599427,372.6003461355094
ICCH,2019-12-31,FY,4294345,66341834,163003518,59524900,0.06473057407487408,-0.49680407428073736
HGBL,2019-12-31,FY,3899000,11847000,21917000,26168000,0.3291128555752511,204.08162868107328
AKTS,2019-12-31,Q2,-18289000,44194000,69307000,1061000,-1.6553378286645246,45.93750238418579
DREM,2019-09-30,Q3,-74711,437523,1078961,2095417,-0.6830360918168873,-67.64705933914053
FKWL,2019-12-31,Q2,1023922,15638970,30825288,22134130,0.2618898814947532,836.4015974243612
OCC,2020-01-31,Q1,-2591888,18681368,36665001,12887396,-0.5549674948858135,-6.358382259673386
CRBP,2019-12-31,FY,-71453718,6157565,49142499,36143568,-11.604216601854791,-76.92307781879806
ALV,2019-12-31,FY,462800000.0,2109199999.9999998,6771200000.0,8547600000.0,0.21941968529272696,9.311684207976509
RF,2019-12-31,FY,1582000000,16295000000,126240000000,4639000000,0.09708499539736115,-8.216782400640584
CLH,2019-12-31,FY,97740000,1269813000,4108904000,3412190000,0.07697196358833938,-12.758020339832363
GAXY,2019-12-31,Q2,-4839554,-2906006,6073459,1501426,6.661450802235096,-90.95454541119662
SVC,2019-12-31,FY,259750000,2505878000,9033967000,2316148000,0.10365628334659549,-52.32223420532275
REG,2019-12-31,FY,243258000,6213348000,11132253000,1133138000,0.03915087324901165,-28.181960273093388
TH,2019-12-31,FY,6236000,123402000,600792000,261300000,0.050534027001183125,-67.7999997138977
EFOI,2019-12-31,FY,-7400000,3996000,11739000,12705000,-1.8518518518518519,69.36169798312675
SMID,2019-12-31,FY,1959000,20821000,42115000,46691000,0.09408769991835167,54.166666666666664
DOOR,2019-12-29,FY,49039000,624882000,1936584000,2176683000,0.07847721649847492,41.38412783574074
STXS,2019-12-31,FY,-4591284,22766407,43584754,28902550,-0.20166924012207987,-3.591683527232089
WTFC,2019-12-31,FY,355697000,3691250000,36620583000,1385142000,0.09636220792414493,-14.40056795406868
INSG,2019-12-31,FY,-40110000,-37238000,161373000,219496000,1.0771255169450562,112.6875680842768
KKR,2019-12-31,FY,4639540000,10807490000,60899319000,1790475000,0.42928931694593286,35.17312376430193
FCBC,2019-12-31,FY,38802000,428819000,2798847000,94968000,0.09048572941031065,-30.722116524857572
EXPD,2019-12-31,FY,592016000,2195028000,3691884000,8175426000,0.26970772126824805,21.327874564221425
SRCE,2019-12-31,FY,92015000,828277000,6622776000,282877000,0.11109206219658399,-23.284505748553073
ARL,2019-12-31,FY,-21743000,239499000,830641000,47970000,-0.09078534774675469,-32.34091815291592
NNN,2019-12-31,FY,299608000,4331675000,7434867000,670487000,0.06916677728592288,-23.57329287847514
VHC,2019-12-31,FY,-19180000,5628000,7498000,85000,-3.4079601990049753,33.157890721371295
SPWR,2019-12-29,FY,-7721000,10163000,2171921000,1864225000,-0.7597166191085309,479.56148422006555
ASRT,2019-12-31,FY,-217201000,57958000,527170000,229504000,-3.747558576900514,-71.19999885559082
NSYS,2019-12-31,FY,-1228000,19976000,61410000,116333000,-0.06147376852222667,33.470229009128445
TMHC,2019-12-31,FY,254914000,2537706000,5245686000,4762059000,0.1004505644073821,20.173832224523373
STAG,2019-12-31,FY,50665000,2305528000,4164645000,405950000,0.021975443369154486,-1.5521057201609592
TELA,2019-12-31,FY,-22425000,30962000,67922000,15446000,-0.7242749176409793,15.75289569034202
HOPE,2019-12-31,FY,171040000,2036011000,15667440000,684786000,0.08400740467512209,-27.456258532770107
PBF,2019-12-31,FY,388200000,3886300000,8845600000,24468900000,0.09988935491341379,-78.38699385264653
BFST,2019-12-31,FY,23772000,285097000,2273835000,103467000,0.08338214712887193,-18.612111242875176
VICR,2019-12-31,FY,14109000,205562000,240727000,262977000,0.0686362265399247,92.80821805958635
RCUS,2019-12-31,FY,-84710000,163842000,203110000,15000000,-0.5170224972839687,172.67326609268693
NAVB,2019-12-31,FY,-10948214,-1612292,4150906,657826,6.790465994993463,53.17460017109371
CURO,2019-12-31,FY,111488000,50513000,1081895000,1141797000,2.2071150000989843,16.091953932990364
RTSL,2019-12-31,Q3,-313436,-1228336,452632,0,1.0206848940355082,154.51613395444807
OGE,2019-12-31,FY,350200000.0,3958300000.0,10076600000.0,2175500000.0,0.08847232397746507,-30.245109947687094
ARCB,2019-12-31,FY,39985000,763043000,1651207000,2988310000,0.05240202714656972,54.891302207016565
ACOR,2019-12-31,FY,-272966000,310820000,799718000,192408000,-0.8782124702400103,-65.68627493757018
COHR,2019-12-28,Q1,5793000,1305975000,2204058000,320771000,0.017743065525756618,130.33441764510243
KRC,2019-12-31,FY,195443000,4293510000,8900094000,837454000,0.04552056475936937,-33.349228662770855
EA,2019-12-31,Q3,2621000000,7237000000,11161000000,4150000000,1.4486665745474645,30.87154139384657
ANDR,2019-12-31,FY,-548566,-962985,1289471,1895240,0.5696516560486404,50.0
ANIX,2020-01-31,Q1,-2616575,5444607,6163951,0,-1.922324237543683,2.8169054758972583
OXY,2019-12-31,FY,-522000000,34232000000,109330000000,20393000000,-0.015248889927553166,-58.16549343818367
CVNA,2019-12-31,FY,-364639000,98112000,2057748000,3939896000,-3.7165586268754076,172.14555806802022
SENEA,2019-12-28,Q3,31121000,435185000,932660000,1027898000,0.2860484621482818,-3.582017735515388
BELFA,2019-12-31,FY,-8743000,168051000,468917000,492412000,-0.05202587309804762,-13.580250983520745
CSTL,2019-12-31,FY,5277000,85113000,119746000,51865000,0.06199992950548095,94.44283941788851
ROIC,2019-12-31,FY,53683000,1179348000,2913757000,295040000,0.04551921909394004,-25.42468748535197
PFIE,2019-12-31,FY,2021492,46571586,52248360,38981313,0.043406123209976145,-39.517245144112515
CYAN,2019-12-31,Q3,266000,15546000,32437000,23265000,0.06844204296925253,29.69432655391654
JBT,2019-12-31,FY,129000000.0,569500000.0,1914900000.0,1945700000.0,0.22651448639157157,2.600739020539093
HLIT,2019-12-31,FY,-5924000,252446000,587327000,402874000,-0.023466404696449932,-6.66666625911355
HELE,2019-11-30,Q3,155488000,1161684000,1791089000,1265067000,0.5353882811504678,25.99716196506404
KWR,2019-12-31,FY,31884000,1240762000,2850316000,1133503000,0.0256971119360522,50.24920740461194
WWW,2019-12-28,FY,128900000.0,766700000.0,2480000000.0,2273700000.0,0.1681231250815182,-7.083583811800438
AAOI,2019-12-31,FY,-66049000,273794000,466825000,190872000,-0.2412361118212963,-25.925925033974647
PARR,2019-12-31,FY,40809000,648242000,2700560000,5401516000,0.06295334149900808,-41.99655905767784
GSAT,2019-12-31,FY,15324000,407343000,965590000,131718000,0.037619401830889444,-30.769225478877487
ABBV,2019-12-31,FY,7882000000,-8172000000,89115000000,33266000000,-0.9645129711209006,18.251633008376047
CTLT,2019-12-31,Q2,45600000.0,1716100000.0,6195300000.0,1386100000.0,0.10628751238272828,82.43339338601952
BAC,2019-12-31,FY,27430000000,264810000000,2434079000000,71236000000,0.10358370152184586,-14.79273370597935
EGP,2019-12-31,FY,123340000,1200564000,2546078000,331387000,0.10273504786083874,2.8416404043814936
ALGT,2019-12-31,FY,232117000,883551000,3010803000,1682955000,0.2627092267452586,4.113999045229722
FTNT,2019-12-31,FY,326500000.0,1321900000.0,3885500000.0,2156200000.0,0.24699296467206294,38.18846716858141
PAG,2019-12-31,FY,435100000.0,2793400000.0,13942700000.0,23179400000.0,0.15576000572778692,15.332530388445859
FFIC,2019-12-31,FY,41279000,579672000,7017776000,278956000,0.07121096068121283,-23.73901398992962
QRON,2019-12-31,FY,-1546772,-508122,123290,0,3.0440957092981606,-20.83333255723117
ENG,2019-12-28,FY,-1466000,14024000,28686000,56446000,-0.10453508271534512,192.07921539985747
CVX,2019-12-31,FY,2845000000,144213000000,237428000000,139865000000,0.019727763793832735,-29.79005965438103
PRDO,2019-12-31,FY,69982000,431295000,599146000,627704000,0.16226016995328024,-31.756386039908495
YELP,2019-12-31,FY,40881000,754991000,1070700000,1014194000,0.05414766533640798,-10.99627226444711
SUI,2019-12-31,FY,177379000,3819724000,7802060000,1264037000,0.0464376483745946,-0.6395780645106198
WSBC,2019-12-31,FY,158873000,2593921000,15720112000,484253000,0.0612482030100377,-22.281026388740557
KTCC,2019-12-28,Q2,2376000,116807000,273970000,222007000,0.08136498668744167,42.09558709128197
RARE,2019-12-31,FY,-402727000,653764000,1135496000,103714000,-0.6160128119627266,245.21190728615233
UTI,2019-12-31,Q1,4684000,126273000,382061000,87234000,0.14837692935148447,-15.175098190727688
CTAS,2020-02-29,Q3,731452000,3324309000,7901980000,5465536000,0.880125162853393,16.00142677314929
GAHC,2019-09-30,Q3,-942799,-6598478,804387,376438,0.5715251304922135,84.99999456728503
ATO,2019-12-31,Q1,178673000,6127775000,14388125000,875563000,0.11663156692274113,-16.717322408553326
ADI,2020-02-01,Q1,203874000,11689517000,21376827000,1303565000,0.06976301929326935,33.93636530095881
WNEB,2019-12-31,FY,13349000,232024000,2181476000,82116000,0.05753284143019688,-29.07580641184053
RICK,2019-09-30,FY,19326000,168457000,353637000,181059000,0.11472363867337065,-6.141201349237005
KFRC,2019-12-31,FY,130862000,167263000,381125000,1347387000,0.7823726705846481,6.977330993780506
VERO,2019-12-31,FY,-42295000,74178000,191127000,110406000,-0.5701825339049313,-64.4680861885666
IZEA,2019-12-31,Q4,-7290120,13718023,23944361,18955672,-2.1257057230477017,646.8354240961581
CARV,2019-12-31,Q3,-3625000,49779000,569062000,16365000,-0.2912874907089335,173.6625478468301
COMM,2019-12-31,FY,-929500000.0,836300000.0,14431600000.0,8345100000.0,-1.1114432619873251,-9.090909090909092
RVLV,2019-12-31,FY,35667000,130764000,232290000,600993000,0.2727585574011196,63.943351747488656
BFIN,2019-12-31,FY,11672000,174372000,1488015000,65408000,0.0669373523272085,-32.87461938697406
STRL,2019-12-31,FY,40695000,219918000,961940000,1126278000,0.18504624450931711,33.23863871118501
BHLB,2019-12-31,FY,97450000,1758564000,13215970000,509513000,0.055414531401757346,-48.50973310462167
ICGL,2019-12-31,FY,-2916205,-766835,0,0,3.802910665266974,0.0
FDBC,2019-12-31,FY,11576000,106835000,1009927000,39269000,0.10835400383769364,3.9061249653390506
MSI,2019-12-31,FY,871000000,-700000000,10642000000,7887000000,-1.2442857142857142,3.5993565059740233
FIX,2019-12-31,FY,114324000,585304000,1505012000,2615277000,0.19532413925071415,5.737213034893653
AUMN,2019-12-31,FY,-5386000,5601000,13357000,7730000,-0.9616139975004463,132.25806451612902
AIKO,2019-12-31,Q1,-85169,-1068053,864,0,0.3189691897312212,20.45453960491603
CBKM,2019-12-31,Q2,2943000,54036000,574572000,11494000,0.217854763491006,-0.9207079532050775
AEY,2019-12-31,Q1,-1717692,27742798,40756864,13962358,-0.24765951869742914,12.60162737153794
PROV,2019-12-31,Q2,4960000,123776000,1107387000,22299000,0.16028955532574973,-27.945205443660186
ATEX,2019-12-31,Q3,-25900000,255254000,275829000,1237000,-0.40587023122066646,-9.627400915421424
FITB,2019-12-31,FY,2512000000,21203000000,169369000000,6254000000,0.11847380087723436,-11.255690013776467
OXBR,2019-12-31,FY,-305000,8043000,9495000,981000,-0.037921173691408676,175.16777707318954
ETR,2019-12-31,FY,1258244000,10223675000,51723912000,10878673000,0.12307159607479698,-19.24875175339148
DREM,2019-06-30,Q2,-50402,461832,1074526,1543647,-0.43653969408789345,-54.1666658905645
CIO,2019-12-31,FY,2442000,548008000,1228474000,156297000,0.004456139326433191,-28.846157101755637
IQV,2019-12-31,FY,227000000,6003000000,23251000000,11088000000,0.0378144261202732,13.15125755396991
GPC,2019-12-31,FY,621085000,3674707000,14645629000,19392305000,0.16901619639334511,-7.003673356205955
PGRE,2019-12-31,FY,-29603000,3785730000,8734135000,769180000,-0.007819627918525621,-35.70402471112643
KMB,2019-12-31,FY,2197000000,-33000000,15283000000,18450000000,-66.57575757575758,-2.486367206882884
NVR,2019-12-31,FY,878539000,2341244000,3809815000,7388664000,0.3752445281226562,8.360704846842927
CVEO,2019-12-31,FY,-58334000,490143000,969912000,527555000,-0.11901424686265029,-10.788108346276937
CACC,2019-12-31,FY,656100000.0,2355300000.0,7423200000.0,1489000000.0,0.27856324035154756,-24.50432650311651
WCC,2019-12-31,FY,222198000,2258671000,5017635000,8358917000,0.09837554916143165,29.88718670216688
KERN,2019-12-31,Q2,-7184607,19314842,22393749,6499093,-1.4878935069725137,-59.549228944246735
IMXI,2019-12-31,FY,19609000,55967000,227306000,319601000,0.3503671806600318,30.232561086840203
CMPR,2019-12-31,Q2,210500000,-180524000,2023334000,1454292000,-4.66419977399127,-31.31112213128055
RILY,2019-12-31,FY,81948000,360660000,2318178000,652112000,0.22721676925636333,75.77441534992954
QUAD,2019-12-31,FY,-156300000.0,226600000.0,2417100000.0,3923400000.0,-0.6897616946160635,-17.987155007811143
DIGP,2019-12-31,Q1,-220427,247866,1896275,808930,-3.5571962269936175,-74.43181702728606
ARCT,2019-12-31,FY,-25991000,25792000,82143000,20789000,-1.007715570719603,289.6964218613038
PLPC,2019-12-31,FY,23336000,268535000,433571000,444861000,0.08690114882603757,9.03066232880479
MRCY,2019-12-27,Q2,34923000,1317056000,1512620000,371217000,0.10606382720248797,23.24323702498339
ALDA,2019-12-31,FY,-394866,-2766027,0,0,0.14275565639814797,-31.38600486231806
VISM,2019-12-31,Q2,-324188,-3142928,405,0,0.4125936069804972,115.78946292149661
ISTR,2019-12-31,FY,16839000,241976000,2148916000,89443000,0.0695895460706847,-30.791664123535156
KDP,2019-12-31,FY,1254000000,23257000000,49518000000,11120000000,0.05391925011824397,10.535402959177206
DCI,2020-01-31,Q2,129500000.0,940400000.0,2262200000.0,1334700000.0,0.5508294342832837,14.638380667216689
GILD,2019-12-31,FY,5364000000,22525000000,61627000000,22449000000,0.2381354051054384,-12.542322414345138
AMPH,2019-12-31,FY,46505000,381366000,586971000,322357000,0.12194322514330067,2.6956896098251093
VUZI,2019-12-31,FY,-26476370,24240443,28446465,6670604,-1.092239527140655,312.4378110042867
SUPN,2019-12-31,FY,113056000,595428000,1160282000,392755000,0.1898735027576802,6.197307180677304
PKBK,2019-12-31,FY,30287000,177605000,1681160000,79540000,0.17053010894963544,-33.23749413296842
SCVL,2020-02-01,FY,42914000,297363000,628374000,1036551000,0.14431519725049854,25.708936157705992
REFR,2019-12-31,FY,-3808978,7056108,8256133,1564024,-0.5398128826826347,-6.31229427981549
DUUO,2019-12-31,Q3,-244876,-3367932,1061417,561165,0.2908324752399989,68.00000127724239
ALSN,2019-12-31,FY,604000000,781000000,4450000000,2698000000,0.7733674775928298,-10.947849645979986
KFS,2018-09-30,Q3,-15875000,21991000,494586000,38720000,-2.8875449047337547,-13.38582359352748
FLIC,2019-12-31,FY,41555000,389108000,4097843000,143850000,0.10679554262569775,-28.947369421718207
LEGH,2019-12-31,FY,28844000,222389000,283620000,143196000,0.12970065965492897,-9.85576592429843
VMI,2019-12-28,FY,159466000,1111484000,2763411000,2766976000,0.14347125104814823,14.49294580530524
CATO,2020-02-01,FY,35897000,316514000,684976000,825335000,0.1134136246737901,-31.00728033141572
CVLY,2019-12-31,FY,18647000,191168000,1886545000,85317000,0.09754247572815535,-25.531918770305957
CTHR,2019-12-31,Q2,1021369,48518596,55971239,18267511,0.08420433270575266,-11.267603623727451
SWK,2019-12-28,FY,955800000.0,9136300000.0,20596600000.0,14442200000.0,0.10461565403938138,8.601436685879767
BWXT,2019-12-31,FY,244677000,404106000,1908913000,1894920000,0.6054772757642797,-3.9304161878836665
AOXY,2019-12-31,Q2,-115363,291027,645058,18610,-1.5855985870726772,58.55181548604575
NVEC,2019-12-31,Q3,11160145,80230702,81117850,19261237,0.5564027097756168,-19.29972310854865
RMNI,2019-12-31,FY,17529000,-222593000,201220000,281052000,-0.07874910711477899,12.37113414731564
PHIO,2019-12-31,FY,-8908000,5748000,8039000,21000,-1.5497564370215726,-72.1424770830863
FBP,2019-12-31,FY,167377000,2228073000,12611266000,675897000,0.07512186539669033,-14.91973466421479
SPFI,2019-12-31,FY,29220000,306182000,3237167000,132942000,0.09543343501577493,-9.918550641749219
OUT,2019-12-31,FY,140600000.0,1093800000.0,5382300000.0,1782200000.0,0.12854269519107697,-29.008198612314956
RGIN,2019-09-30,FY,758456,-3727685,5315,0,-0.20346568983162472,-34.736838132308
MADI,2019-12-31,FY,-20683,-3240,0,0,6.383641975308642,471.4285663601492
STRS,2019-12-31,FY,-2467000,121099000,561368000,13785000,-0.020371761946836885,-22.143314410480887
CAH,2019-12-31,Q2,-4701000000,999000000,41042000000,77076000000,-18.822822822822822,5.773028990189787
NVST,2019-12-31,FY,217600000.0,3540200000.0,6158300000.0,2751600000.0,0.06146545392915655,10.796224118874411
DXPE,2019-12-31,FY,35775000,343802000,788220000,1267000000,0.10405698628861962,-44.13464203987887
RNST,2019-12-31,FY,167596000,2125689000,13400618000,542580000,0.07884314215296781,-7.171081965376935
SFBS,2019-12-31,FY,149243000,842180000,8947653000,390803000,0.1772103350827614,6.117304369711385
SCIA,2019-12-31,FY,305351,3948836,7505075,12950387,0.07732683757947911,29.166657560401855
HPE,2020-01-31,Q1,333000000,17189000000,52244000000,6949000000,0.0774914189307115,-11.41421477210676
PVBC,2019-12-31,FY,10808000,230933000,1121788000,51538000,0.04680145323535398,-1.4457779458559634
JBLU,2019-12-31,FY,569000000,4799000000,11918000000,8094000000,0.11856636799333195,-21.581192074599343
ADAP,2019-12-31,FY,-137165000,123638000,181543000,1122000,-1.1094081107750045,332.49998758236615
EGBN,2019-12-31,FY,142943000,1190681000,8988719000,429630000,0.12005146634572988,-17.293850838358736
APO,2019-12-31,FY,1536843000,1852222000,8542117000,2931849000,0.8297293736927863,0.754560086480332
TRS,2019-12-31,FY,98620000,697480000,1192700000,723530000,0.14139473533291277,2.7061396951618444
MNTX,2019-12-31,FY,-8492000,79550000,195402000,224776000,-0.1067504714016342,-10.420166477881887
APYP,2019-12-31,Q2,-333022,-1156504,2311,203,1.1518230805946197,1250.0000838190338
IBTX,2019-12-31,FY,192736000,2339773000,14958207000,652932000,0.08237380292874565,11.255414561753957
ADVM,2019-12-31,FY,-64486000,174957000,222727000,250000,-0.3685819944329178,2.9079914863372243
LXFR,2019-12-31,FY,3100000.0,174400000.0,390300000.0,443500000.0,0.017775229357798166,-15.99135603212136
PRPO,2019-12-31,FY,-13243000,13205000,19511000,4095000,-1.0028776978417266,-1.9512176513671875
BUUZ,2019-12-31,FY,-1499000,-561000,125000,0,2.6720142602495542,-98.18181826186574
RM,2019-12-31,FY,44732000,302783000,1158540000,355713000,0.14773616748628557,-6.859811276018747
SMME,2019-12-31,Q2,-451935,-2067699,66490,0,0.8742761881685874,-10.227268109144234
ONVO,2019-12-31,Q3,-15987000,28954000,31312000,2196000,-2.2086067555432756,84.44444562182018
LNN,2019-11-30,Q1,8345000,273000000,526811000,109393000,0.12227106227106227,26.919646380963435
TMGI,2019-11-30,Q2,-4242686,-7880897,33841,216,2.1534025885632055,-99.77272726934065
KINS,2019-12-31,FY,-5966353,88221581,321202812,145563020,-0.06762917794456665,-14.580646637947329
GGG,2019-12-27,FY,343853000,1024931000,1692210000,1646045000,0.33548892559596694,39.59370623205144
HALO,2019-12-31,FY,-72240000,91765000,565874000,195992000,-0.7872282460633139,137.9582612295288
BRID,2019-11-01,FY,6484000,66484000,123456000,188785000,0.09752722459539137,-27.579367271926902
CZNC,2019-12-31,FY,19504000,244452000,1654145000,64771000,0.07978662477705234,-32.00000324080476
HSIC,2019-12-28,FY,719138000,2998044000,7151101000,9985803000,0.23986906129463076,-0.9181224983992511
DBRM,2019-11-30,Q3,-647357,-4535251,900902,501377,0.5709558302285805,17.647049800335406
MTRN,2019-12-31,FY,50660000,610677000,852670000,1185424000,0.08295711153359304,3.212783554079926
NSPR,2019-12-31,FY,-10040000,5383000,9880000,3721000,-1.8651309678617871,-67.59259411882029
GMER,2019-12-31,FY,-1130769,-2746421,15952,49519,0.41172456808333463,1166.666721856155
COCP,2019-12-31,FY,-48169000,25708000,28531000,6564000,-1.8736969036875681,184.00001525878906
AMTB,2019-12-31,FY,51334000,834701000,7985399000,312974000,0.06149986641923275,-30.977515695579115
NFBK,2019-12-31,FY,40235000,695853000,5055302000,165143000,0.0578211202653434,-28.18395658802302
SSNC,2019-12-31,FY,438500000.0,5116100000.0,16741099999.999998,4632900000.0,0.08570981802544907,17.08468664996401
NINE,2019-12-31,FY,-217751000,389877000,850895000,832937000,-0.5585120435419376,-62.65984639136415
ECIA,2019-12-31,Q3,-81905,2291732,4580305,5891934,-0.14295737896054164,9.523814930126678
PRLB,2019-12-31,FY,63655000,585790000,673667000,458728000,0.10866522132504823,55.58837543261408
GRMN,2019-12-28,FY,952486000,4793496000,6166799000,3757505000,0.198703827018944,22.72588344029545
FGNV,2019-12-31,FY,-283388,525336,654740,36000,-0.5394414241552073,-25.0
MRVL,2020-02-01,FY,1584391000,8678580000,11133235000,2699161000,0.18256339170693822,112.55679896938568
SEM,2019-12-31,FY,148449000,770972000,7340288000,5453922000,0.19254784868970598,16.495288587403227
TKR,2019-12-31,FY,374700000.0,1868200000.0,4859900000.0,3789900000.0,0.20056739107161975,34.345586362853915
TPH,2019-12-31,FY,207187000,2186530000,3858690000,3083015000,0.09475607469369275,11.7458275524224
LGIH,2019-12-31,FY,178608000,845193000,1666115000,1838154000,0.21132214772247285,53.27671419208817
BY,2019-12-31,FY,57002000,750115000,5521809000,264814000,0.07599101471107764,-22.125702561207667
CRTO,2019-12-31,FY,95969000,1007267000,1790384000,2261516000,0.0952766247678123,17.022508805115965
ORTX,2019-12-31,FY,-163422000,299193000,399281000,2513000,-0.5462093030251376,-67.63636363636364
FLGT,2019-12-31,FY,-411000,82777000,88756000,32528000,-0.004965147323531899,293.75968737224275
WAL,2019-12-31,FY,499171000,3016748000,26821948000,1225045000,0.16546658852512705,4.456141957065515
OMER,2019-12-31,FY,-84486000,-109021000,136969000,111805000,0.7749516148265013,2.2711120749380886
CVSI,2019-12-31,FY,-16610000,29147000,52687000,53696000,-0.569869969465125,-51.5463933046166
HLNE,2019-12-31,Q3,88163000,143573000,469379000,197116000,2.456255702673901,29.983226852499605
ONCT,2019-12-31,FY,-34188000,14312000,21744000,2425000,-2.3887646730016767,21.518987341772153
CDXS,2019-12-31,FY,-11935000,105517000,149073000,68458000,-0.11310973587194481,35.45966327363773
TRTK,2019-12-31,Q3,-140340,108202,716993,0,-5.188074157594129,0.0
VMC,2019-12-31,FY,617662000,5621857000,10648793000,4929103000,0.10986796711478075,-0.8472818766306977
GIS,2020-02-23,Q3,1583800000.0,7575100000.0,30248700000.0,12603600000.0,0.836318992488548,5.174978995021863
HA,2019-12-31,FY,223984000,1081796000,4126624000,2832228000,0.2070482789731151,-38.51143849116681
CRS,2019-12-31,Q2,80000000.0,1603400000.0,3403600000.0,1158400000.0,0.1995759012099289,-44.21454170602952
TEL,2019-12-27,Q1,26000000,10557000000,19976000000,3168000000,0.009851283508572511,25.452829038700305
CLTS,2017-03-31,Q1,-9395,6471519,6751347,0,-0.005806982873727173,207.92207176457325
SUP,2019-12-31,FY,-96460000,251690000,1311867000,1372487000,-0.3832492351702491,11.38211571222348
HPQ,2020-01-31,Q1,678000000,-1634000000,31656000000,14618000000,-1.6597307221542228,14.165105539362774
DOCU,2020-01-31,FY,-208359000,546327000,1891138000,973971000,-0.3813814803222246,196.637362186716
IRTC,2019-12-31,FY,-54568000,135409000,306212000,214552000,-0.4029865075438117,255.67631913796015
RSCF,2018-12-31,FY,-249523,553026,1078780,1551985,-0.45119578464665316,0.0
WH,2019-12-31,FY,157000000,1212000000,4533000000,2053000000,0.12953795379537955,-9.759593908752759
ANIX,2019-10-31,FY,-11818652,5235353,6293693,250000,-2.257469935647128,-45.994832662188095
PBH,2019-12-31,Q3,105235000,1156494000,3464202000,711775000,0.36397940672411616,-13.086417869285302
NDSN,2020-01-31,Q1,52004000,1634274000,3550867000,494916000,0.12728342982878024,5.999055339451127
KEX,2019-12-31,FY,143019000,3368623000,6079097000,2838399000,0.042456220241920806,-42.80129589780071
DORM,2019-12-28,FY,83762000,773584000,1041072000,991329000,0.10827783408136674,19.445176779005717
GFOO,2019-09-30,FY,-303576,-232344,121707,0,1.3065798987707882,-12.49999767169351
ANIK,2019-12-31,FY,27193000,288378000,330710000,114610000,0.09429637489683679,-17.338472764385013
RDI,2019-12-31,FY,-26503000,135349000,674989000,276768000,-0.1958123074422419,-54.33422408279155
UWHR,2019-12-31,FY,3087000,38203000,656793000,23767000,0.08080517236866215,-4.181194163527664
AEHR,2019-11-30,Q2,-162000,15988000,24300000,12407000,-0.040530397798348765,-9.523806820651009
BOH,2019-12-31,FY,225913000,1286832000,18095496000,587397000,0.1755574931304164,-20.02942880883637
MO,2019-12-31,FY,-1298000000,6222000000,49271000000,25110000000,-0.20861459337833493,-18.393108261353312
CRI,2019-12-28,FY,263802000,880130000,2753117000,3519286000,0.2997307215979458,-13.854382675180174
SMTI,2019-12-31,FY,-2814088,6614090,11117162,11766763,-0.4254686585758585,213.72669021590593
IGXT,2019-12-31,FY,-10660000,293000,11020000,742000,-36.382252559726965,-53.191489496615304
BFNH,2019-12-31,FY,-46538,47308,58895,17775,-0.9837236830979961,162.4999976716935
KAR,2019-12-31,FY,188500000.0,1650200000.0,6581200000.0,2781900000.0,0.1142285783541389,-16.52134112075416
NOG,2019-12-31,FY,-76318000,558643000,1905465000,472402000,-0.1366131858807861,-62.777777007955194
MCBC,2019-12-31,FY,31979000,217469000,2068770000,75942000,0.14705084402834426,-25.876011543829048
KBLB,2019-12-31,FY,-2909850,-5388058,750850,0,0.5400554337017159,-31.578949019519264
GORO,2019-12-31,FY,5832000,158058000,193012000,135366000,0.036897847625555175,-43.50180259939946
AE,2019-12-31,FY,8207000,151641000,330842000,1811247000,0.05412124689233123,-31.86235686367953
BG,2019-12-31,FY,-1291000000,5913000000,18317000000,41140000000,-0.21833248773888042,10.23457770240151
FFBW,2019-12-31,FY,1556000,61870000,292218000,11231000,0.025149507030871182,1.5584434955151418
MOD,2019-12-31,Q3,4400000.0,537300000.0,1535200000.0,1502600000.0,0.03275637446491718,58.44155988920038
LIVE,2019-09-30,FY,-4012000,34129000,122453000,193288000,-0.11755398634592282,5.484250685710776
LSBK,2019-12-31,FY,4087000,82840000,610869000,24267000,0.04933606953162723,-15.03268079779281
LTRX,2019-12-31,Q2,-3821000,35278000,54955000,25969000,-0.43324451499518113,22.253527067124367
COP,2019-12-31,FY,7257000000,34981000000,70514000000,32567000000,0.20745547582973614,-39.920036247543884
DAN,2019-12-31,FY,233000000,1873000000,7220000000,8620000000,0.12439935931660438,3.901093707196007
AIRG,2019-12-31,FY,926000,47904000,54726000,55739000,0.019330327321309286,65.38822263023744
CTO,2019-12-31,FY,114972858,285413422,703286203,44941000,0.4028291914036194,-20.84774265231029
SPGX,2019-09-30,Q3,-349295,1210000,1539565,105729,-1.154694214876033,-88.49999979138374
AMMJ,2019-12-31,FY,-301742,879594,1203953,2130735,-0.3430469057315079,-23.711341473156402
CDLX,2019-12-31,FY,-17144000,143267000,224313000,210430000,-0.11966468202726378,124.97613235093856
BLIS,2020-01-31,Q3,-271152,36446,118299,0,-29.759315151182573,-75.45454501120513
ESSA,2019-12-31,Q1,3410000,191363000,1810643000,16513000,0.07127814676818403,-12.389382223871632
FNRN,2019-12-31,FY,14721000,132915000,1292591000,48993000,0.11075499379302561,-9.73912831443994
YETI,2019-12-28,FY,50434000,122005000,629539000,913734000,0.41337650096307527,108.6497256205662
SIG,2020-02-01,FY,105500000.0,1222600000.0,6299100000.0,6137100000.0,0.08629150989694094,68.33816968352635
FRBK,2019-12-31,FY,-3500000,249168000,3341290000,104864000,-0.014046747575932704,-30.861238670126205
AMT,2019-12-31,FY,1916600000.0,5055400000.0,42801600000.0,527200000.00000006,0.37911935751869286,-4.064055042650512
KBH,2019-11-30,FY,268775000,2383122000,5015482000,4552747000,0.11278272786705842,5.6213064164676645
ISDR,2019-12-31,FY,686000,26100000,32390000,16295000,0.02628352490421456,53.55005480976155
EMYB,2019-12-31,FY,10879000,99615000,1176119000,42862000,0.10921046027204738,-23.243244274242507
VCTR,2019-12-31,FY,92491000,537871000,1753309000,612373000,0.17195758834367347,14.11540814851743
WY,2019-12-31,FY,-76000000,8177000000,16406000000,6554000000,-0.009294362235538705,10.364241685570681
TECH,2019-12-31,Q2,134018000,1323348000,1998415000,368177000,0.405087701798771,43.460439862706345
SNCR,2019-12-31,FY,-103467000,76077000,532023000,308749000,-1.3600299696360267,-5.05263122201663
TDW,2019-12-31,FY,-141219000,1014799000,1579528000,486549000,-0.1391595774138524,-54.40871551450975
LUNA,2019-12-31,FY,5342545,67468518,86524060,70515715,0.07918574704723765,31.275716665321408
APTO,2019-12-31,FY,-26277000,93926000,100476000,0,-0.27976279198517984,-27.513226133838014
UDN,2019-12-31,FY,-438732,41005756,50995400,771033,-0.010699278413498827,6.146342579911395
EBF,2019-11-30,Q3,29718000,300447000,367095000,331709000,0.3956504807836324,-17.701714934865677
APPS,2019-12-31,Q3,82000,57251000,113654000,99364000,0.0057291575693001,641.5146996253652
EXLS,2019-12-31,FY,67659000,670001000,1183088000,991346000,0.10098343136801288,22.602932225829967
LXAM,2020-01-31,Q3,-33976,-65238,3680,0,2.083203041172323,0.0
DBV,2019-12-31,FY,1170733,24346129,24366205,528638,0.04808702853747304,-1.9094984630190512
CWBR,2019-12-31,FY,-13044772,8136826,13532237,0,-1.6031769635973536,-15.625
RS,2019-12-31,FY,706100000.0,5206600000.0,8131100000.0,10973800000.0,0.1356163331156609,-1.3276585996353614
LTC,2019-12-31,FY,80872000,776943000,1514209000,185304000,0.10409000402860956,-12.687067784451628
ATRI,2019-12-31,FY,36761000,237870000,262031000,155066000,0.15454239710766385,-15.104459050648703
MNKD,2019-12-31,FY,-51903000,-190526000,93725000,63038000,0.2724195122975342,155.03876427461978
NBIX,2019-12-31,FY,37012000,636923000,1306040000,788087000,0.05811063503751631,-12.55000291363524
VMD,2019-12-31,FY,8525000,43699000,82596000,80256000,0.195084555710657,28.225807319942824
NXRT,2019-12-31,FY,99438000,426241000,1865989000,181066000,0.23329055628154025,-9.444444444444445
SNPS,2020-01-31,Q1,104061000,4148827000,7202903000,834381000,0.1003281168388077,73.17470440038832
OMCL,2019-12-31,FY,61338000,845254000,1240810000,897027000,0.07256753591228199,43.04943683268473
LNTH,2019-12-31,FY,31667000,114601000,405919000,347337000,0.2763239413268645,-32.42321061917967
CME,2019-12-31,FY,2115800000.0000002,26128900000.0,75215300000.0,4868000000.0,0.08097547160423899,-10.890793382526558
MGPI,2019-12-31,FY,38793000,231044000,322597000,362745000,0.16790308339537058,-1.1558335696031068
SIEB,2019-12-31,FY,3607000,20781000,28473000,308000,0.17357201289639573,-49.59537195615259
MHLD,2019-12-31,FY,-131903000,507718000,3568196000,576135000,-0.25979579215233656,218.66668065388998
IPG,2019-12-31,FY,673900000.0,2775900000.0,17751900000.0,8625100000.0,0.2427681112432004,2.5108221390823737
HRGG,2019-12-31,FY,355000,23184000,131432000,5710000,0.015312284334023464,-5.85937491268851
CLBK,2019-12-31,FY,54717000,982517000,8188694000,261083000,0.05569063944949553,-8.382526750451138
OPTT,2020-01-31,Q3,-9133000,9774000,13756000,1131000,-3.737671373030489,383.1325674112388
CATC,2019-12-31,FY,25257000,286561000,2855563000,96339000,0.08813830214160336,-12.05240608634342
MAA,2019-12-31,FY,366618000,6068565000,11230450000,1641017000,0.0604126346179039,-5.771272997972476
GRWG,2019-12-31,FY,1878804,53891743,72022352,79733568,0.034862557702021256,839.2682735924202
GTIM,2019-12-31,Q1,-599000,26586000,112886000,30814000,-0.09012262092830813,61.00628232942744
TBPH,2019-12-31,FY,-236455000,-223840000,408826000,73414000,1.0563572194424589,-31.05445808312121
GDDY,2019-12-31,FY,138400000.0,772000000.0,6301200000.0,2988100000.0,0.17927461139896372,22.629568847087477
SXI,2019-12-31,Q2,24676000,489604000,967815000,387023000,0.20159966013349565,-3.931940992040527
LLY,2019-12-31,FY,8318400000.0,2606900000.0,39286100000.0,22319500000.0,3.190916414131727,26.744282975030988
HII,2019-12-31,FY,549000000,1588000000,7031000000,8899000000,0.34571788413098237,-33.60172250121521
PCG,2019-12-31,FY,-7642000000,5136000000,85196000000,17129000000,-1.4879283489096573,10.027600405368617
SMG,2019-12-28,Q1,-71300000.0,624600000.0,3456000000.0,365800000.0,-0.45661223182837013,88.56332159310406
DYNT,2019-12-31,Q2,-38825,20904915,41997026,31586540,-0.007428874979879134,2.4096362008327756
MSFT,2019-12-31,Q2,11649000000,110109000000,282794000000,36906000000,0.42318066643053703,42.136967808598854
LPX,2019-12-31,FY,-10000000,991000000,1835000000,2310000000,-0.010090817356205853,23.5254514042348
CYH,2019-12-31,FY,-590000000,-2218000000,15609000000,13210000000,0.2660054102795311,151.0344817380418
CIX,2019-12-31,FY,15998000,162195000,178544000,124243000,0.09863435987545856,-0.41124344749274516
ED,2019-12-31,FY,1440000000,18022000000,58079000000,12574000000,0.07990234158251026,-21.786226172794862
ADMA,2019-12-31,FY,-48279317,26193149,127090725,29349083,-1.8432039996412803,-50.999999046325684
TNC,2019-12-31,FY,45900000.0,359900000.0,1062900000.0000001,1137600000.0,0.12753542650736316,-11.421973479237021
ATGE,2019-12-31,Q2,19672000,1294912000,2390610000,520785000,0.06076706370780408,-5.947960418781094
OLP,2019-12-31,FY,18544000,290763000,774629000,84736000,0.06377702802626194,-28.28245819423683
DLR,2019-12-31,FY,599221000,9879312000,23068131000,3209241000,0.06065412247330584,15.249709756137811
OSW,2019-12-31,FY,-12235000,638244000,923669000,443781000,-0.01916978459648661,-44.477432917167384
ORGS,2019-12-31,FY,-26041000,5477000,92495000,33256000,-4.754610188059156,1.502149655653979
HOG,2019-12-31,FY,423635000,1803999000,10528159000,5361789000,0.23483106143628682,-1.962892092477948
FLL,2019-12-31,FY,-5822000,56096000,211335000,165432000,-0.10378636622932116,14.626866372716716
SVTE,2019-11-30,Q1,-17165,168870,568872,994625,-0.4065849470006514,0.0
AMBA,2020-01-31,FY,-44792000,448072000,527276000,228732000,-0.09996607688050135,59.55360430197748
IESC,2019-12-31,Q1,8530000,254778000,469865000,276043000,0.13392051119013415,81.33281003892745
RFL,2020-01-31,Q2,-2980000,124065000,139236000,2446000,-0.09607866843993068,16.007904188524453
USAP,2019-12-31,FY,4275000,243136000,368399000,243007000,0.01758275204001053,-49.93288436820227
ORA,2019-12-31,FY,93543000,1392420000,3250494000,746044000,0.06718016115827122,21.886749762093313
DBP,2019-12-31,FY,17598243,141736392,141829370,2842073,0.12416178196493106,25.570774413787113
CLSK,2019-12-31,Q1,-1916254,17605356,23989281,976824,-0.43537977874460476,399.25232823545383
WLFC,2019-12-31,FY,66922000,350338000,1940608000,409160000,0.19102124234310866,-41.724661483660164
AVOI,2019-12-31,FY,-68302,-203694,34928,0,0.3353167005410076,20.689651203495842
FIBK,2019-12-31,FY,181000000.0,2013900000.0,14644200000.0,554000000.0,0.08987536620487611,-4.103047426371425
RBA,2019-12-31,FY,149140000,901833000,2229430000,1318641000,0.16537429878924367,61.07101065495109
NRC,2019-12-31,FY,32406000,32892000,110685000,127982000,0.9852243706676396,-33.56081323742712
SLB,2019-12-31,FY,-10107000000,23760000000,56312000000,32917000000,-0.42537878787878786,-46.81592349501418
BDL,2019-12-28,Q1,921000,38815000,102904000,30941000,0.0949117609171712,-8.144378432080032
PBPB,2019-12-29,FY,-23585000,68848000,332879000,409707000,-0.3425662328607948,2.36406392864442
PG,2019-12-31,Q2,7360000000,45908000000,111723000000,36038000000,0.6412825651302605,10.824656907842474
MLI,2019-12-28,FY,106232000,643468000,1370940000,2430616000,0.1650929028327749,9.435737507449273
BFC,2019-12-31,FY,26694000,230211000,2210168000,89165000,0.1159544939207944,-5.599208225578991
PSN,2019-12-31,FY,137128000,1629890000,3450368000,3954812000,0.08413328506831749,-13.032939468293286
AMTX,2019-12-31,FY,-39477000,-154372000,99896000,201998000,0.255726427072267,215.66264316156256
ACUR,2019-06-30,Q2,-4129000,-5146000,2453000,113000,3.2094830936649825,125.98869890025009
AEMD,2019-12-31,Q3,-4594850,3934020,4682491,443458,-4.671913208372097,117.70832070873894
HI,2019-12-31,Q1,-800000.0,1127100000.0,4420700000.0,566900000.0,-0.002839144707656818,16.99189316740909
AMZN,2019-12-31,FY,11588000000,62060000000,225248000000,280522000000,0.1867225265871737,79.77747984228577
RC,2019-12-31,FY,75056000,825412000,4977018000,229916000,0.09093155902749173,-16.990920055746038
TEVA,2019-12-31,FY,-1000000000,13972000000,57470000000,16887000000,-0.071571714858288,-2.5510203585134166
SRTS,2019-12-31,FY,-1700003,28001422,36924547,27263248,-0.06071130958992011,13.27684384444979
FE,2019-12-31,FY,912000000,6975000000,42301000000,11035000000,0.13075268817204302,-38.86831272167042
RPM,2019-11-30,Q2,183818000,1400692000,5580998000,2874056000,0.5249348179328504,19.522835709228424
SND,2019-12-31,FY,31623000,244143000,361603000,233073000,0.1295265479657414,-30.952380051328117
FCCO,2019-12-31,FY,10971000,120194000,1170279000,42630000,0.09127743481371782,-19.15780277680297
CDAY,2019-12-31,FY,78700000,1882300000,6085700000,824100000,0.041810550921744676,57.719507793885406
RUSHA,2019-12-31,FY,141583000,1159493000,3407329000,5562298000,0.12210767982212915,31.483857463476276
COF,2019-12-31,FY,5546000000,58011000000,390365000000,28513000000,0.09560255813552603,-6.539697908310857
L,2019-12-31,FY,871000000,19119000000,82243000000,14931000000,0.04555677598200743,-16.06020201106996
IPGP,2019-12-31,FY,180261000,2401726000,2730436000,1314581000,0.07505477310900577,52.870546567262025
MG,2019-12-31,FY,6080000,285822000,719878000,748586000,0.02127198046336531,-47.23195537312256
APPB,2019-12-31,Q3,-2789028,229272,3417927,625306,-48.658850622840994,-99.97500000100408
PPSI,2019-12-31,FY,-1439000,16435000,28119000,20582000,-0.08755704289625799,74.44934235332794
FBK,2019-12-31,FY,83814000,762329000,6124921000,282537000,0.10994465644098546,-12.983074942757861
AZO,2020-02-15,Q2,649620000,-1711119000,12863749000,5306700000,-1.5185852065227492,6.779350047328747
NXEN,2019-12-31,Q2,-1438176,128340,146839,0,-44.82393641888733,157.14286626601702
QCOM,2019-12-29,Q1,925000000,4513000000,33111000000,5077000000,0.81985375581653,68.25737054467044
MARA,2019-12-31,FY,-3517065,3647672,6619962,1185227,-0.9641944231827861,1236.3636696141616
CNC,2019-12-31,FY,1309000000,12551000000,40994000000,70364000000,0.10429447852760736,-6.107841924330652
RGLD,2019-12-31,Q2,109286000,2216309000,2554636000,242417000,0.19723964483291814,-12.024537380975204
FLEX,2019-12-31,Q3,39320000,2899312000,14135417000,18725380000,0.05424735247534587,39.223453677914556
EOG,2019-12-31,FY,2734910000,21640716000,37124608000,17379973000,0.1263779812091245,-41.89350892113569
SCI,2019-12-31,FY,369771000,1823313000,13677430000,3230785000,0.20280171314524714,5.3660684036647615
NHTC,2019-12-31,FY,-5611000,75064000,118497000,77614000,-0.07474954705318129,-6.691452153469238
LOCO,2019-12-25,FY,24900000,245566000,624752000,442330000,0.10139840205891695,20.33222844409336
ZTS,2019-12-31,FY,1500000000,2708000000,11545000000,6260000000,0.5539143279172821,23.248951714898734
SWKH,2019-12-31,FY,23828000,236532000,254372000,30747000,0.10073901205756515,21.08333110809326
HUN,2019-12-31,FY,598000000,2687000000,8320000000,6797000000,0.22255303312244137,2.6903957890541874
LIN,2019-12-31,FY,2285000000,49074000000,86612000000,28228000000,0.046562334433712355,21.850643900848972
CTAS,2019-11-30,Q2,496932000,3104970000,7887337000,3654888000,0.640176233586798,41.11141396661313
CCNE,2019-12-31,FY,40081000,304966000,3763659000,155728000,0.13142776571814563,-35.92411157125605
GLPI,2019-12-31,FY,390881000,2074245000,8434298000,1153473000,0.18844495225973787,-2.322880412827343
SJM,2020-01-31,Q3,553200000.0,8170400000.0,16636200000.0,5709000000.0,0.2708312934495251,12.35402275490285
LYB,2019-12-31,FY,3397000000,8044000000,30435000000,33908000000,0.42230233714569865,-5.281546693338323
LBC,2019-12-31,Q4,48861000,614464000,7045828000,267142000,0.3180723362149776,-15.784906651990172
UDR,2019-12-31,FY,199579000,3358542000,9636472000,1152193000,0.059424297805416755,-19.764452658341586
HRB,2020-01-31,Q3,-467929000,-318379000,3452430000,830368000,5.878892766168623,-25.732763036110878
HOV,2020-01-31,Q1,-9148000,-499779000,1790003000,494056000,0.07321636163184127,100.15649810783698
FIS,2019-12-31,FY,303000000,49440000000,83806000000,10333000000,0.006128640776699029,1.5817075319333147
PWR,2019-12-31,FY,406815000,4050292000,8331682000,12112153000,0.10044090648279186,73.47090232069658
KHC,2019-12-28,FY,1933000000,51623000000,101450000000,24977000000,0.03744454990992387,10.312206093266283
KLAC,2019-12-31,Q2,726701000,2669764000,9250720000,2922867000,1.0887868740457958,42.76253197755604
DAR,2019-12-28,FY,320967000,2565819000,5345258000,3363905000,0.12509339123297472,100.60801855940326
BCYC,2019-12-31,FY,-30608000,93198000,110194000,13801000,-0.328419064786798,98.8335036395366
CERS,2019-12-31,FY,-71244000,57052000,165535000,93774000,-1.2487555212788333,70.14218448604579
RBB,2019-12-31,FY,39209000,407690000,2788535000,141725000,0.09617356324658441,-26.263582425976267
BMMJ,2020-01-31,Q2,-2132149,34713963,38815625,3013910,-0.2456820040973138,73.68421960735596
GH,2019-12-31,FY,-67851000,798393000,962535000,214375000,-0.08498446253912546,55.64372113713324
INVO,2019-12-31,FY,-2167544,-3713595,1795479,1480213,0.5836780801352867,-67.3587337295654
HST,2019-12-31,FY,932000000,7319000000,12305000000,5469000000,0.1273398005191966,-22.6415041958587
BUSE,2019-12-31,FY,102953000,1220434000,9695729000,356234000,0.08435769570497052,-23.01818154074929
CCS,2019-12-31,FY,112994000,1061699000,2499967000,2535911000,0.10642752795283786,67.78792961458238
PNFP,2019-12-31,FY,400881000,4355748000,27805496000,1067936000,0.09203493866036327,1.0468721389770508
PJT,2019-12-31,FY,63787000,31390000,952777000,716751000,2.0320802803440587,66.4746188240133
APT,2019-12-31,FY,3000000,33227000,38091000,46665000,0.0902880187799079,232.65305030152302
XPO,2019-12-31,FY,440000000,2743000000,14128000000,16648000000,0.16040831206707984,47.076537625015845
HSDT,2019-12-31,FY,-9781000,5835000,10347000,1496000,-1.6762639245929734,-57.83505154639176
JNPR,2019-12-31,FY,345000000.0,4610600000.0,8837700000.0,4445400000.0,0.07482757124886132,-9.906612707464827
SBSI,2019-12-31,FY,74554000,804580000,6748913000,240787000,0.09266200999279127,-17.151316738201658
AMRK,2019-12-31,Q2,1558000,71430000,700942000,2536604000,0.0872462550748985,203.2647948666263
KFS,2018-06-30,Q2,-12514000,27665000,505130000,25525000,-1.8093620097596241,-12.499996806893975
AKBA,2019-12-31,FY,-279659000,394757000,771201000,335001000,-0.7084332893400244,-56.96202603274286
XITO,2019-12-31,Q3,-56182,-555460,0,0,0.40457998775789433,-37.80050755414581
OMI,2019-12-31,FY,-62371000,462154000,3643084000,9210939000,-0.13495717877590588,443.9071648794036
QTWO,2019-12-31,FY,-70877000,379412000,1009434000,315484000,-0.18680748104962416,54.871727749183755
LCNB,2019-12-31,FY,18912000,228048000,1639308000,65194000,0.08292990949273837,-24.300516921147832
USAU,2020-01-31,Q3,-4497143,8165634,8339025,0,-2.202960847865579,35.67900313017089
PFHO,2019-12-31,FY,1198060,9279815,10253952,7330940,0.12910386683355218,-22.17898630540345
FRAF,2019-12-31,FY,16115000,127528000,1269157000,49235000,0.12636440624803966,-26.82863667408079
OFED,2019-12-31,Q2,2024000,88856000,503207000,9579000,0.09111371207346718,1.8838899146723653
ULBI,2019-12-31,FY,5314000,109726000,144557000,106795000,0.04842972495124218,-14.479021842433
RMR,2019-12-31,Q1,21624000,292542000,705130000,159892000,0.29567036528088275,-12.795793669340966
DLTH,2020-02-02,FY,18499000,178272000,474050000,615624000,0.10376839885119368,46.533489208463784
ISGN,2019-12-31,FY,-1086000,-5291000,121000,844000,0.20525420525420526,-44.44444297272478
FCCN,2019-12-31,FY,-178945,-700815,853,239,0.2553384274023815,121.42856097495101
CSPI,2019-12-31,Q1,-540000,29798000,56248000,16572000,-0.07248808644875494,-40.22988446948341
INLX,2019-12-31,FY,-2133281,-6376258,986574,2535955,0.3345662926437418,10.285711288452148
OPRX,2019-12-31,FY,-3142576,44862259,56638525,24598274,-0.07004943732325204,202.53162911338194
SLG,2019-12-31,FY,291487000,5441315000,12766320000,1238995000,0.05356921994040044,-37.200693813010545
CDZI,2019-12-31,FY,-29528000,-82118000,76724000,441000,0.35958011641783777,-3.5390229321451234
RHI,2019-12-31,FY,454433000,1143683000,2311408000,6074432000,0.3973417459208539,-1.4093478746488697
PLXS,2020-01-04,Q1,31006000,908372000,2110104000,852409000,0.136534371380888,2.718675743916074
SDPI,2019-12-31,FY,-936423,7102976,16760929,18997014,-0.13183530396273338,-36.58536762655102
IRMD,2019-12-31,FY,9630959,55524395,66728864,38517141,0.17345455092306725,0.6415805443253398
TIKK,2019-12-31,Q3,1701587,1635297,10640100,11951765,4.162147915638566,-11.90476325634116
FMHI,2019-09-30,Q3,-1775124,784499,2175764,146307,-9.050994328864665,-2.7514324011200286
AFTM,2019-12-31,Q2,-3341789,-16394849,853433,290731,0.8153265699488906,0.0
NTRA,2019-12-31,FY,-124827000,278711000,582656000,302328000,-0.44787252745675626,195.01336729308548
POOL,2019-12-31,FY,261575000,410180000,1483266000,3199517000,0.6377078355843776,71.40973734593926
QNST,2019-12-31,Q2,2681000,233871000,339404000,244715000,0.04585433850284986,40.496405221002334
DRI,2019-11-24,Q2,195300000.0,2273700000.0,9742700000.0,4190300000.0,0.34358094735453226,-6.233794298442696
ALL,2019-12-31,FY,530000000,7809000000,41129000000,3153000000,0.06787040594186196,-4.384171132921357
RAYT,2019-09-30,FY,-1262716,986155,1189952,0,-1.2804437436305651,-82.50000018626451
LTRPA,2019-12-31,FY,-116000000,320000000,4726000000,1560000000,-0.3625,-45.17006446124829
MMMM,2019-12-31,Q1,-705666,-3240835,53489,221358,0.8709681301269581,-80.50000071525574
SIBN,2019-12-31,FY,-38403000,63008000,117009000,67301000,-0.6094940325038091,37.02325155568678
HLF,2019-12-31,FY,311000000.0,-390000000.0,2678600000.0,4877100000.0,-0.7974358974358975,0.881061463761895
WSR,2019-12-31,FY,24228000,345317000,1056260000,119251000,0.07016161961328286,-42.58443291212718
WBS,2019-12-31,FY,382723000,3207770000,30389344000,1154583000,0.11931123490773965,-21.870318309888958
G,2019-12-31,FY,304881000,1689171000,4454184000,3520543000,0.18049149553242388,-2.5373482126735882
NGVT,2019-12-31,FY,183700000.0,530799999.99999994,2141699999.9999998,1292900000.0,0.34608138723828447,-15.598532480938957
AEYE,2019-12-31,FY,-7783271,1564681,9152243,10765153,-4.97435004323565,423.88058411636126
CPF,2019-12-31,FY,58322000,528520000,6012672000,216383000,0.11034965564217059,-36.44354534972862
YAYO,2019-12-31,FY,-3930221,3564008,7203182,6914910,-1.1027531363565963,-46.54135320824007
MYE,2019-12-31,FY,24333000,166682000,353139000,515698000,0.1459845694196134,19.18464506621061
DLB,2019-12-27,Q1,48591000,2333290000,2893284000,291877000,0.08330040415036279,39.42055002199284
PBSV,2020-01-31,Q1,526900,21132403,26160245,4613167,0.09973309708318548,41.17647223819081
BCOW,2019-12-31,FY,449000,58665000,428009000,17235000,0.007653626523480781,-8.719847570243273
HSII,2019-12-31,FY,46869000,309115000,844173000,725614000,0.15162318231079047,-10.36923335148738
BANC,2019-12-31,FY,23759000,907245000,7828410000,391111000,0.026188074886056137,-14.202563973893081
PBI,2019-12-31,FY,194609000,286096000,5466900000,3205125000,0.6802227224428165,59.05705989322871
NTWK,2019-12-31,Q2,-1714323,59956124,91001591,29262435,-0.11437183631150005,-8.99999737739563
TSSI,2019-12-31,FY,126000,2869000,17567000,32779000,0.0439177413733008,-60.736197081771216
SM,2019-12-31,FY,-187001000,2748994000,6292232000,1590105000,-0.06802524850909096,-48.39857376475841
TJX,2020-02-01,FY,3272193000,5948212000,24145003000,41716977000,0.5501137148440574,6.3080994873525755
CRYO,2019-12-31,Q1,-271860,-1334865,1504668,133126,0.8146441775010956,5.937498195562471
AUBN,2019-12-31,FY,9741000,98328000,827879000,30247000,0.09906639004149377,-21.16981362396816
DK,2019-12-31,FY,336200000.0,1835300000.0,7016300000.0,9298200000.0,0.1831853103034926,-53.683267824751
ASRV,2019-12-31,FY,6028000,98614000,1171184000,49767000,0.06112722331514795,-23.571424192311614
HMN,2019-12-31,FY,184443000,1567285000,12478704000,1430485000,0.1176831271912894,-5.130558145431533
AUB,2019-12-31,FY,193528000,2513102000,17562990000,699332000,0.07700761847310615,-14.034622010224606
JWN,2020-02-01,FY,496000000,979000000,9737000000,15132000000,0.5066394279877426,-5.517056688617104
SCWX,2020-01-31,FY,-31666000,666880000,1048031000,552765000,-0.04748380518234165,-12.015253939287382
SOI,2019-12-31,FY,90360000,263847000,505072000,241687000,0.34247120490284144,-42.21428462437221
GME,2020-02-01,FY,-470900000.0,611500000.0,2819700000.0,6466000000.0,-0.7700735895339329,8127.848001940667
CVCY,2019-12-31,FY,21443000,228128000,1596755000,66331000,0.09399547622387432,-30.087680825143487
DWOG,2019-12-31,Q1,-41217,22065376,22672085,0,-0.007471796537706858,60.00000496705384
BIG,2020-02-01,FY,242464000,845464000,3189281000,5323180000,0.28678216931767647,112.15784602088618
AGO,2019-12-31,FY,401000000,6639000000,14326000000,22000000,0.06040066275041422,-37.04610297394637
AGYS,2019-12-31,Q3,-7075000,96936000,171828000,121099000,-0.2919452009573327,52.18417316473803
PLD,2019-12-31,FY,1701846000,22653127000,40031850000,3330621000,0.07512631699809037,9.625310623516851
AAT,2019-12-31,FY,60188000,1313917000,2790333000,366741000,0.04580806854618671,-38.257082330140015
KW,2019-12-31,FY,321100000.0,1678700000.0,7304500000.0,569700000.0,0.19127896586644427,-19.9551525015092
AMKR,2019-12-31,FY,122628000,1963739000,4695615000,4052650000,0.06244618047510387,13.846155313345102
HLI,2019-12-31,Q3,124779000,946693000,1538630000,856674000,0.5272205456256674,36.873339168433446
FARM,2019-12-31,Q2,12408000,186160000,436709000,291098000,0.2666093682853459,-71.58034468423155
DHIL,2019-12-31,FY,59754319,192855681,272663950,136624380,0.3098395582134809,7.389996531303493
GBCI,2019-12-31,FY,210544000,1960733000,13683999000,546177000,0.10738025014114619,-1.087192828336224
MSN,2019-12-31,Q3,-2851000,35877000,39453000,5142000,-0.3178638124703849,39.0243897120347
GTES,2019-12-28,Q4,694100000,2651000000,7411300000,3087100000,1.0473029045643154,-4.661321274481231
NX,2020-01-31,Q1,10000,329933000,667200000,196597000,0.00012123673594335819,24.097068979825696
ALB,2019-12-31,FY,604357000,3932250000,9860863000,3589427000,0.15369241528387056,100.1916749560427
LAAB,2019-11-30,Q2,-81803,-112875,0,0,2.8988881506090807,-88.49999979138374
BBLS,2019-03-31,Q1,-413600,7562014,12586952,819340,-0.21877769599474425,-52.09230650726856
JNJ,2019-12-29,FY,15119000000,59471000000,157728000000,82059000000,0.2542247481966,4.934616667827091
BYND,2019-12-31,FY,-12443000,384090000,451923000,297897000,-0.03239605300840949,66.53439691401076
EXR,2019-12-31,FY,451123000,2539961000,8532377000,49890000,0.17761020740082228,7.754208103612982
PETV,2019-12-31,Q3,-1571252,-748110,659639,500,8.401181644410581,596.7213231888998
SRI,2019-12-31,FY,60291000,289904000,602209000,834289000,0.2079688448589878,1.6712134250283177
AMD,2019-12-28,FY,341000000,2827000000,6028000000,6731000000,0.12062256809338522,101.69155675598213
UTL,2019-12-31,FY,44200000.0,376800000.0,1370800000.0,438200000.0,0.1173036093418259,-30.653511576328935
GOOG,2019-12-31,FY,34343000000,201442000000,275909000000,161857000000,0.17048579740074066,31.540290704694456
AMEH,2019-12-31,FY,17673317,191548949,728713347,560618097,0.09226527784289748,-4.236831575830526
PDM,2019-12-31,FY,229256000,1817248000,3516757000,533178000,0.12615559351282818,-28.05755321644248
VABK,2019-12-31,FY,6689000,76107000,702627000,26197000,0.08788941884452153,-28.779841278241282
WLK,2019-12-31,FY,462000000,5860000000,13261000000,8118000000,0.078839590443686,13.841766034588835
BIOL,2019-12-31,FY,-17855000,377000,31847000,37799000,-47.36074270557029,1.8181818181818181
BRBR,2019-12-31,Q1,31800000.0,-2278200000.0,670900000.0,244000000.0,-0.05583355280484593,10.80318993966364
SXC,2019-12-31,FY,-148400000.0,491600000.0,1753800000.0,1600300000.0,-0.3018714401952807,-30.818620712933548
CDNS,2019-12-28,FY,988979000,2102894000,3357225000,2336319000,0.4702942706574844,91.4559281182167
AMSF,2019-12-31,FY,92690000,430215000,1492906000,370370000,0.21545041432771986,-13.14554061130366
FLS,2019-12-31,FY,261780000,1790357000,4919642000,3944850000,0.14621664841146206,-26.943941579410353
HROW,2019-12-31,FY,-125000,27711000,59085000,51165000,-0.004510844069142218,-25.57840866696253
SANM,2019-12-28,Q1,38345000,1679385000,3829735000,1840171000,0.09133105273656726,-5.796683869287344
NATH,2019-12-29,Q3,10240000,-64169000,104930000,81620000,-0.638314450903084,-25.394427872861147
MCHP,2019-12-31,Q3,470700000.0,5616600000.0,17588600000.0,3947800000.0,0.3352205960901613,29.06799282522188
OGE,2019-12-31,FY,433600000.0,4139500000.0,11024300000.0,2175500000.0,0.10474695011474816,-30.245109947687094
IMO,2019-12-31,FY,2200000000,24276000000,42187000000,34101000000,0.0906244850881529,-27.842837639087115
FWRD,2019-12-31,FY,87099000,577182000,990878000,1410395000,0.15090387434119568,8.691925798872354
DSS,2019-12-31,FY,-2889147,12302817,20144759,19409230,-0.23483621677864508,-30.67552400896775
JBGS,2019-12-31,FY,74144000,3386476000,5986251000,647770000,0.021894146009007593,-23.28904274335359
CVGI,2019-12-31,FY,15778000,128688000,435826000,901238000,0.12260661444734552,31.496070974396094
NPK,2019-09-29,Q3,30496000,355891000,404271000,213601000,0.3427566305413736,-5.533721942341677
BAX,2019-12-31,FY,1011000000,7882000000,18193000000,11362000000,0.1282669373255519,-4.329111011336338
INTU,2020-01-31,Q2,297000000,3727000000,6701000000,2861000000,0.3187550308559163,28.835867285653144
OPOF,2019-12-31,FY,7860000,109756000,1054488000,40241000,0.07161339698968622,-27.973810833337904
KIM,2019-12-31,FY,413561000,4864892000,10997867000,16550000,0.08500928694819947,-29.98551114919464
RSKIA,2019-07-31,Q1,976000,40511000,44046000,3552000,0.09636888746266446,2.53012088338735
KODK,2019-12-31,FY,116000000,99000000,1415000000,1242000000,1.1717171717171717,77.84946856243444
ALX,2019-12-31,FY,60075000,253515000,1265511000,226350000,0.23696822673214601,-16.34629907743335
SNAP,2019-12-31,FY,-1033660000,2259913000,4011924000,1715534000,-0.45738928887970465,213.7170837818951
WCN,2019-12-31,FY,566681000,6933504000,13737695000,5388679000,0.08173082470277655,11.774427066425984
XSNX,2019-12-31,Q1,-101664,-2337615,470968,200386,0.17396192272893526,-10.000002384185791
CRUS,2019-12-28,Q3,149340000,1259880000,1647540000,1001833000,0.4741403943232689,-2.879080504206326
MCS,2019-12-26,FY,42115000,621435000,1359186000,820863000,0.0677705632930234,-61.809814748462834
DXCM,2019-12-31,FY,101100000.0,882600000.0,2395000000.0,1476000000.0,0.11454792658055744,63.16173764914622
LNT,2019-12-31,FY,567400000.0,5205100000.0,16700700000.0,3647700000.0,0.10900847245970298,-7.748540906213662
ACFN,2019-12-31,FY,-647000,-646000,4984000,5490000,1.001547987616099,5.405400180747055
HD,2020-02-02,FY,11242000000,-3116000000,51236000000,110225000000,-3.6078305519897302,16.96467788592549
ESTC,2020-01-31,Q3,-136023000,418442000,741849000,303997000,-1.300280564570478,134.21703629289493
SAIC,2020-01-31,FY,229000000,1417000000,4711000000,6379000000,0.1616090331686662,9.41096325868777
NMRK,2019-12-31,FY,161712000,599664000,3201599000,2218132000,0.26967101576883057,-45.59643096865101
WK,2019-12-31,FY,-48134000,65343000,646396000,297891000,-0.7366359059118804,115.86206489884248
OFG,2019-12-31,FY,53841000,1045478000,9297661000,373795000,0.051498931589186954,-23.97289157599827
VNRX,2019-12-31,FY,-16099055,14198566,21291292,17096,-1.1338507705637315,-17.721513002364066
NANX,2019-12-31,FY,-3006000,1511000,9372000,12509000,-1.9894109861019194,171.42856686699147
CSGS,2019-12-31,FY,82770000,396662000,1283030000,996810000,0.20866632044410607,-12.977979073828614
KO,2019-12-31,FY,8985000000,18981000000,86381000000,37266000000,0.47336810494705234,-2.204150749121103
TAST,2019-12-29,FY,-31919000,309462000,1751460000,1462765000,-0.10314352004446427,-8.285713195800781
CW,2019-12-31,FY,307583000,1774372000,3764261000,2487961000,0.17334752802681738,-19.00773574796713
ITCI,2019-12-31,FY,-147722178,195007271,251186476,60613,-0.7575213849333854,-9.06441412378542
RGRX,2019-12-31,FY,-1404247,-2340108,711760,76762,0.6000778596543408,250.0
VRRM,2019-12-31,FY,33343000,339347000,1407426000,448737000,0.09825635706224013,-2.9306637177974717
EMMS,2019-11-30,Q3,62965000,135080000,241507000,29266000,1.864524726088244,-56.06249602921276
TENB,2019-12-31,FY,-99013000,98905000,558612000,354586000,-1.0010919569283656,113.56427430794925
BBCP,2020-01-31,Q1,-2746000,324376000,864012000,73939000,-0.033861937997879,7.058826279337757
XXII,2019-12-31,FY,-26558544,62050822,68951365,25832530,-0.42801276669630584,91.81817950624408
AEIS,2019-12-31,FY,64975000,676714000,1532406000,788948000,0.0960154511359304,33.77809562160602
KNX,2019-12-31,FY,310178000,5666215000,8281732000,4843950000,0.054741657349747584,17.80134219015776
TBLT,2019-12-31,FY,-4300969,3226493,10469625,19090071,-1.3330166840591318,-60.650000000000006
FNB,2019-12-31,FY,387000000,4883000000,34615000000,1247000000,0.0792545566250256,-26.614174529160845
VIDE,2019-11-30,Q3,-1389000,3277000,7799000,7403000,-1.695453158376564,20.000004541306474
APAM,2019-12-31,FY,241457000,132957000,933619000,798952000,1.8160533104687981,52.78465821280015
MPAA,2019-12-31,Q3,903000,284326000,726742000,385096000,0.012703727411492442,-13.163873969540433
O,2019-12-31,FY,437478000,9774456000,18554796000,1491591000,0.04475727344826147,-17.1940819418663
DIN,2019-12-31,FY,104346000,-241774000,2049511000,910178000,-0.43158486851357053,-30.136493271800024
BHE,2019-12-31,FY,2968000000,32449000000,100051000000,19844000000,0.0914666091404974,-23.632132406851888
LRDC,2019-11-30,Q2,-54558,-1756004,414745,4121905,0.12427762123548694,0.0
EML,2019-12-28,FY,13266142,105437257,280662976,251742619,0.1258202496675345,-20.57586749190503
PRGO,2019-12-31,FY,146100000.0,5803800000.0,11301400000.0,4837400000.0,0.025173162410834282,-13.763067424220552
UBER,2019-12-31,FY,-8512000000,14190000000,31761000000,14147000000,-0.5998590556730091,75.75655971768161
UTMD,2019-12-31,FY,14727000,101093000,109787000,46904000,0.14567774227691332,-23.531046367556225
TTSH,2019-12-31,FY,-4463000,130899000,399814000,340351000,-0.03409498926653374,154.43787249374822
QDEL,2019-12-31,FY,72921000,559820000,910867000,534890000,0.13025794005215963,141.47673680327247
DRRX,2019-12-31,FY,-20578000,22860000,86020000,29564000,-0.9001749781277341,-45.263159902472246
YEXT,2020-01-31,FY,-121544000,201212000,563620000,298829000,-0.6040594000357832,12.9183488156469
EXAS,2019-12-31,FY,-83993000,2288061000,3505768000,876293000,-0.03670924857335534,42.8416969165384
WBA,2019-11-30,Q1,842000000,23661000000,90807000000,34339000000,0.14234394150712143,-34.199426862174995
PRU,2019-12-31,FY,4238000000,63115000000,896552000000,64807000000,0.06714727085478887,-18.561981995312163
RIG,2019-12-31,FY,-1257000000,11862000000,24105000000,3088000000,-0.10596863935255438,-68.313953045125
MBUU,2019-12-31,Q2,34280000,225389000,474705000,352192000,0.6083704173673072,52.06349034825717
JEF,2019-11-30,FY,962563000,9579705000,49460234000,5358656000,0.10047939889589502,12.398669904092174
SABR,2019-12-31,FY,162546000,947669000,5689957000,3974988000,0.17152191324185975,-47.54901881619781
GFOO,2019-12-31,Q1,-73104,-308109,75185,0,0.949066726385792,31.333336686094675
MTZ,2019-12-31,FY,394096000,1787220000,4997006000,7183188000,0.22050782779959938,6.3590928441134995
UHS,2019-12-31,FY,827543000,5504105000,11668250000,11378259000,0.15035014775335864,-5.074594798120997
MGTX,2019-12-31,FY,-54746235,190802101,323887646,13291956,-0.2869267933270819,-21.828175521038666
DZSI,2019-12-31,FY,-13263000,106548000,246147000,306882000,-0.12447910800765852,72.34764164190001
FMAO,2019-12-31,FY,18402000,230258000,1607330000,68306000,0.07991904732951732,-22.0895520121959
AIM,2019-12-31,FY,-9533000,12907000,20219000,140000,-0.7385914619973658,246.2962834187501
DEA,2019-12-31,FY,8224000,1062621000,2234589000,221722000,0.007739353918283188,-5.478294404290723
GPFT,2019-09-30,Q3,-3566034,3904630,10922553,332041,-3.653133843667646,-76.72552246598191
LBTYA,2019-12-31,FY,11638200000.0,13606200000.0,49046300000.0,11541500000.0,0.855360056444856,8.047493149187796
PCYN,2019-12-31,Q2,83636,2135695,2642356,2310992,0.15664409009713465,196.29628893769845
VBIV,2019-12-31,FY,-54813000,88255000,122201000,2221000,-0.6210752931845221,103.62318827225734
CDNA,2019-12-31,FY,-21968000,99000000,151736000,127068000,-0.2218989898989899,239.5456601760809
W,2019-12-31,FY,-984584000,-944208000,2953048000,9127057000,1.0427617643570062,158.2272806439388
ALRS,2019-12-31,FY,29540000,285728000,2356878000,93300000,0.10338503751819912,19.86870429928061
UPDC,2019-06-30,FY,-48026,-885171,81832,0,0.05425618326854359,-39.24999939464031
APA,2019-12-31,FY,-3682000000,3255000000,18107000000,6411000000,-1.1311827956989247,-44.7049646965348
MDRX,2019-12-31,FY,-182602000,1285188000,3205739000,1771677000,-0.14208193665051339,45.31569145857402
ADSK,2020-01-31,FY,214500000.0,-139100000.0,6179300000.0,3274300000.0,-1.5420560747663552,40.934713778922514
LH,2019-12-31,FY,824900000.0,7567000000.0,18046400000.0,11554800000.0,0.10901281881855425,19.524733539548528
CSSE,2019-12-31,FY,-31806151,54283039,167665484,55363906,-0.5859316572161702,141.00000858306885
FANG,2019-12-31,FY,315000000,13249000000,23531000000,3964000000,0.023775379273907465,-49.38617306582197
CAR,2019-12-31,FY,302000000,656000000,23126000000,9172000000,0.4603658536585366,15.074430963507998
DIOD,2019-12-31,FY,154115000,1106424000,1639384000,1249130000,0.13929108551513705,19.797764872937826
NOC,2019-12-31,FY,2248000000,8819000000,41089000000,33841000000,0.2549041841478626,-12.495278900426744
BRID,2020-01-24,Q1,1859000,68343000,129612000,46642000,0.10880412039272493,-26.09063823874414
USLM,2019-12-31,FY,26056000,217132000,247037000,158277000,0.12000073687894922,26.245842909504567
GSPH,2018-12-31,FY,-1207382,-3435325,205986,866212,0.35146077882005344,-57.89473348831196
PENN,2019-12-31,FY,43100000.0,1852700000.0,14194500000.0,5301400000.0,0.02326334538781238,245.34428203209643
FTXP,2019-09-30,Q3,-7586795,-10109593,13489316,1641039,3.0018201524037615,-97.07602338185978
GLBZ,2019-12-31,FY,1599000,35680000,384942000,14514000,0.044815022421524665,-4.3478260869565215
KLD,2019-12-31,FY,-54014000,183765000,714912000,312054000,-0.2939297472315185,21.981786685505803
INBK,2019-12-31,FY,25239000,304913000,4100083000,147414000,0.08277443073926005,19.738509008381396
CVAT,2019-12-31,Q2,-516000,-1141000,1216000,376000,1.8089395267309378,-66.66666666666666
PBSV,2019-10-31,FY,2087256,20607506,26633075,19506911,0.10128620125113635,45.45454299154359
FIVE,2020-02-01,FY,175056000,759778000,1958661000,1846730000,0.23040414436848658,54.637448672449096
REVG,2020-01-31,Q1,-9400000,495900000,1406000000,532100000,-0.07582173825368017,3.299999237060547
ABMD,2019-12-31,Q3,171211000,1046863000,1196611000,634225000,0.6541868420223086,88.12943288896585
LBRDA,2019-12-31,FY,117216000,10667946000,12256342000,14859000,0.01098768216487035,26.838478315515896
BHF,2019-12-31,FY,-735000000,16172000000,227259000000,6554000000,-0.04544892406628741,-10.374712572816426
SMSI,2019-12-31,FY,10722000,48684000,61197000,43346000,0.22023662805028346,33.66834538105938
EFSI,2019-12-31,FY,9759000,96326000,877320000,35454000,0.10131221061810934,-4.991946135736146
BKGM,2019-12-31,FY,16151000,164243000,1953062000,92905000,0.09833600214316592,-14.798206278026907
ASGN,2019-12-31,FY,174700000.0,1376200000.0,2941400000.0,3923900000.0,0.12694375817468392,18.035783010004106
XPEL,2019-12-31,FY,13995072,35061890,51601435,129932881,0.3991533827754294,250.44369617354607
CNA,2019-12-31,FY,1000000000,12215000000,60612000000,1161000000,0.08186655751125665,-14.68422590805073
CDE,2019-12-31,FY,-341203000,667004000,1378636000,711502000,-0.511545657897104,21.53465083598761
DCOM,2019-12-31,FY,36186000,596758000,6354460000,238268000,0.0606376454107025,-28.69072258309965
WASH,2019-12-31,FY,69118000,503492000,5292659000,197663000,0.1372772556465644,-16.750329025611872
CCBG,2019-12-31,FY,30807000,327016000,3088953000,112836000,0.09420639968686548,-20.131145539830943
MCO,2019-12-31,FY,1429000000,612000000,10265000000,4829000000,2.334967320261438,18.24691742386449
AQMS,2019-12-31,FY,-44795000,49589000,69454000,4874000,-0.9033253342475146,309.2715143953507
DGICA,2019-12-31,FY,47151744,451015519,1923161131,812451471,0.10454572406853255,-3.5087686558520086
NKTR,2019-12-31,FY,-440667000,1405391000,1977356000,114617000,-0.31355473316678417,-15.470125655314277
FEIM,2020-01-31,Q3,-7046000,56825000,90168000,31270000,-0.4959788825340959,15.891894778689823
VVI,2019-12-31,FY,23523000,467498000,1318691000,1371695000,0.05031679279911358,-47.61481391059028
RDNT,2019-12-31,FY,23440000,151685000,1646986000,1028236000,0.15453077100570262,-6.157635699404099
CLNE,2019-12-31,FY,13259000,533408000,777085000,344065000,0.024857144999700043,232.4786536400456
TRGP,2019-12-31,FY,41200000.0,4920800000.0,18815100000.0,8671100000.0,0.008372622337831247,-36.027431624147226
POWL,2019-12-31,Q1,2775000,301673000,466451000,134150000,0.03679480762282339,-39.96734264179651
TCBK,2019-12-31,FY,92072000,906570000,6471181000,272444000,0.10156082817653353,-14.212209891161018
LODE,2019-12-31,FY,-3805867,23223019,39569892,179632,-0.1638833865657174,134.09090385703013
HYSR,2019-12-31,Q2,-4533022,-9757462,163532,0,1.8582791303722217,3300.000023283063
KLIC,2019-12-28,Q1,13477000,775653000,1118082000,144297000,0.06950015019602838,22.17681759448337
WTTR,2019-12-31,FY,4136000,937177000,1347620000,1291589000,0.0044132538463918765,-57.11206752589848
BLK,2019-12-31,FY,4526000000,33547000000,168622000000,14539000000,0.13491519360896653,40.49731691790802
KTB,2019-12-28,FY,96654000,69257000,1517156000,2548839000,1.3955845618493437,-1.680878008894277
DBC,2019-12-31,FY,205956914,1428657083,1440171453,36325158,0.144161196168584,-8.777427180388008
CRSP,2019-12-31,FY,66858000,939425000,1066752000,289590000,0.07116906618410197,159.1412938090478
QUIK,2019-12-29,FY,-15444000,13823000,33404000,10310000,-1.117268320914418,-35.23131354046167
PSX,2019-12-31,FY,3377000000,24910000000,58720000000,107293000000,0.1355680449618627,-38.62310833342693
SSY,2019-12-31,Q2,-303000,14762000,22823000,24457000,-0.082102696111638,13.084110171214613
FF,2019-12-31,FY,88181000,467098000,586505000,205226000,0.18878479462553896,0.24212858869982942
SGC,2019-12-31,FY,12066000,157554000,358933000,376701000,0.07658326668951597,60.19202802929119
CLTS,2017-06-30,Q2,-20801,6460113,6751225,0,-0.012879650866788243,-5.755392743094126
URGN,2019-12-31,FY,-105146000,180302000,202388000,18000,-0.5831660214528956,-47.43781397377267
OPK,2019-12-31,FY,-314925000,1614759000,2309272000,901935000,-0.1950291034141937,168.7074810072033
IOSP,2019-12-31,FY,112200000.0,918500000.0,1468800000.0,1513300000.0,0.12215568862275449,-14.298144399121766
SYEV,2019-11-30,Q3,-67433,3374021,4195800,2287343,-0.07994378221119548,-40.65789315023988
MS,2019-12-31,FY,9237000000,81549000000,895429000000,17098000000,0.11326932273847626,32.453052619765046
SPSC,2019-12-31,FY,33712000,354876000,447440000,279124000,0.0949965621794655,95.36268534872612
WNDW,2019-11-30,Q1,-1105278,17762974,18065271,0,-0.24889480781765486,190.37799175366692
NTAP,2020-01-24,Q3,623000000,282000000,7483000000,4011000000,8.836879432624114,8.276209077550606
ITT,2019-12-31,FY,326200000.0,2074900000.0,4107700000.0,2846400000.0,0.15721239577810978,2.6924607836134116
ITRM,2019-12-31,FY,-103130000,-26238000,25751000,37000,3.930558731610641,-78.62222177010996
NKSH,2019-12-31,FY,17466000,183726000,1321837000,45147000,0.09506547793997583,-30.44736303640731
SIEN,2019-12-31,FY,-106818000,81882000,204404000,83699000,-1.3045357954129113,-56.152125174637604
DXC,2019-12-31,Q3,-1857000000,8749000000,29599000000,14762000000,-0.8490113155789233,-37.05772878060701
SRG,2019-12-31,FY,-90603000,731419000,2750612000,1598000,-0.12387291005565892,-64.2964077697994
AVGO,2020-02-02,Q1,385000000,24368000000,81006000000,5858000000,0.06319763624425476,47.5936126150383
DGII,2019-12-31,Q1,208000,356315000,560904000,62317000,0.0023350125591120215,6.207677336876208
STBA,2019-12-31,FY,98234000,1191998000,8764649000,320484000,0.08241121209934917,-40.33258781520013
KBPH,2019-12-31,Q3,-412302,2852699,2921371,17950,-0.5781219820247422,-2.4390221209414906
XAIR,2019-12-31,Q3,-14674172,12016095,16756626,1587450,-4.8848388765235295,-0.956026588002212
SAM,2019-12-28,FY,110041000,735636000,1054057000,1249824000,0.14958620839654393,167.37532665964807
WDAY,2020-01-31,FY,-480674000,2486551000,6816365000,3627206000,-0.19330952793648712,23.23565658989917
FORM,2019-12-28,FY,39346000,640997000,839882000,589464000,0.06138250257021484,62.519086225696405
VNO,2019-12-31,FY,3334262000,6732030000,18287013000,1924700000,0.49528329493481166,-45.87969672411008
CPIX,2019-12-31,FY,-3546511,51122873,104549283,47533637,-0.06937229447179152,-40.38835191470485
ARLO,2019-12-31,FY,-85951000,203376000,542712000,370007000,-0.42262115490520025,82.89785604501525
NBTB,2019-12-31,FY,121021000,1120397000,9715925000,367534000,0.10801617640889792,-22.09073148040251
BXC,2019-12-28,FY,-17656000,-26083000,971425000,2637268000,0.6769159989265039,119.01566870562854
PFG,2019-12-31,FY,1444100000.0,14618000000.0,276087800000.0,16222100000.0,0.09878916404432891,-12.018182927911932
CYCN,2019-12-31,FY,-123008000,97729000,186478000,4507000,-1.2586642654687963,10.294114553392227
TILE,2019-12-29,FY,79200000,368202000,1423049000,1343029000,0.2150993204816921,-40.740736880492385
GRPN,2019-12-31,FY,-11695000,393936000,1586743000,2218915000,-0.02968756346208521,-19.790793379632692
PAXH,2019-11-30,Q2,-87140,-1712102,0,0,0.20358600130132434,100.0
EFBI,2019-12-31,FY,658000,27903000,142788000,5403000,0.0235816937246891,3.848572166068088
TEX,2019-12-31,FY,54400000.0,932300000.0,3195600000.0,4353100000.0,0.05835031642175265,15.513770089687014
SUM,2019-12-28,FY,61123000,1427407000,4067556000,2222140000,0.04282100339987124,-18.628281159419576
SOR,2019-12-31,FY,-15181000,276633000,1041242000,93158000,-0.0548777622337176,2.5588051527698066
APYX,2019-12-31,FY,-19706000,71259000,84745000,28235000,-0.27654050716400735,-16.430258395011226
THO,2020-01-31,Q2,78871000,2112842000,5628477000,4161918000,0.1493173649520409,50.285652236984625
CMXC,2019-11-30,Q2,-548775,-1467674,402994,30538,1.4956318637517596,-7.575759080925313
UFI,2019-12-29,Q2,4121000,395479000,595207000,349460000,0.04168110063998341,-31.04838343738382
CIVB,2019-12-31,FY,33878000,330126000,2309557000,98054000,0.10262142333533257,-26.50000254313151
TXN,2019-12-31,FY,5017000000,8907000000,18018000000,14383000000,0.5632648478724599,25.63722902088857
MDB,2020-01-31,FY,-175522000,82858000,1328567000,421720000,-2.118347051582225,125.49568488418272
GPK,2019-12-31,FY,278100000.0,1570200000.0,7289900000.0,6160100000.0,0.17711119602598396,0.6006029054705395
BURL,2020-02-01,FY,465116000,528149000,5593859000,7261243000,0.8806529975442536,11.880250159913096
RBCN,2019-12-31,FY,-1147000,33245000,34801000,3526000,-0.03450142878628365,12.139426273178184
IBP,2019-12-31,FY,68159000,250031000,1099479000,1511629000,0.2726021973275314,50.77681457337263
SPG,2019-12-31,FY,2423188000,2526398000,31231630000,5755189000,0.9591473710792995,-44.08566248555788
NEU,2019-12-31,FY,254286000,683098000,1885132000,2190295000,0.3722540543230986,-18.578883945571924
VRTS,2019-12-31,FY,105508000,675699000,3204634000,563246000,0.15614644982455206,73.89910946939982
CHSCP,2019-11-30,Q1,178737000,8614261000,17214291000,7621485000,0.08299586000470614,6.91622312593302
RHP,2019-12-31,FY,128294000,644729000,4088468000,1604566000,0.1989890326012945,-23.471039819697676
FI,2019-12-31,FY,-235329000,810294000,994165000,579920000,-0.2904242163955305,-3.251746602220726
MTW,2019-12-31,FY,46600000.0,645900000.0,1617700000.0,1834100000.0,0.07214739123703359,-26.000001089913503
ORI,2019-12-31,FY,1056400000.0000001,6000100000.0,21076300000.0,7213700000.0,0.17606373227112881,-13.544928801841492
OPVS,2019-12-31,FY,-13522196,-18338206,667353,293278,0.7373783455153683,-26.229506094300042
STKS,2019-12-31,FY,21133000,34314000,206585000,120681000,0.6158710730314157,-3.29670660767248
AIRI,2019-12-31,FY,-2732000,10206000,51090000,54573000,-0.2676856750930825,-45.2173896457838
IMMR,2019-12-31,FY,-20044000,83757000,124848000,35953000,-0.23931134114163594,74.15881398851573
JAZZ,2019-12-31,FY,523367000,3110981000,5538897000,2161761000,0.1682321428514028,7.368703168508836
CRMZ,2019-12-31,FY,217594,2694219,15962708,14501173,0.08076329355557213,109.55413069665678
TSN,2019-12-28,Q1,561000000,14419000000,33811000000,10815000000,0.1556279908454123,-28.282041684837928
TSE,2019-12-31,FY,92000000.0,668900000.0,2758800000.0,3775800000.0,0.13753924353416055,34.37248382213607
GS,2019-12-31,FY,8466000000,90265000000,992968000000,21738000000,0.09379050573311914,12.21242029500636
BBCP,2019-10-31,FY,-9912000,323815000,871365000,258565000,-0.03061007056498309,1.1627895694091224
REXR,2019-12-31,FY,64001000,2556177000,3638622000,406000,0.025037781030030393,6.1528388131220915
IBTX,2019-12-31,FY,192736000,2339773000,14958207000,652932000,0.08237380292874565,11.255414561753957
MCD,2019-12-31,FY,6025400000.0,-8210299999.999999,47510800000.0,21076500000.0,-0.7338830494298483,7.64131676376536
AL,2019-12-31,FY,587121000,5623544000,21709155000,100035000,0.10440409108562144,-8.796296853765845
TFC,2019-12-31,FY,3237000000,66558000000,473078000000,9409000000,0.04863427386640223,-17.045451928515064
FATE,2019-12-31,FY,-98149000,244756000,302274000,10680000,-0.401007534033895,373.12211436762766
MEC,2019-12-31,FY,-4753000,200895000,363582000,519704000,-0.023659125413773366,48.6140662079744
BLKB,2019-12-31,FY,11908000,396764000,1992963000,900423000,0.030012803580970047,-28.30401910952504
MXSG,2019-12-31,Q3,-2349605,-1111012,1190072,0,8.459332572465463,-66.57894669766239
DNLI,2019-12-31,FY,-197614000,394890000,553231000,26678000,-0.5004279672820279,382.2043606894792
UGI,2019-12-31,Q1,212000000.0,3995400000.0,14285700000.0,2006600000.0,0.2122440806927967,-23.759963637048617
THS,2019-12-31,FY,-361000000.0,1830900000.0,5139400000.0,4288899999.9999995,-0.1971707903216997,-12.391749116563306
IRBT,2019-12-28,FY,85300000,652069000,920753000,1214010000,0.1308143770061144,69.29599689227418
WEYS,2019-12-31,FY,20882000,209994000,296917000,304011000,0.09944093640770689,-38.37429577733937
HBB,2019-12-31,FY,-3522000,55059000,303240000,612843000,-0.06396774369312919,-7.905760202742168
SNES,2019-12-31,FY,-10018000,2567000,4979000,143000,-3.9026100506427737,-83.454545916933
ENS,2019-12-31,Q3,138639000,1366095000,3341431000,2306065000,0.405942485698286,8.940257447963004
SUNW,2019-12-31,FY,-9186000,8443000,30803000,59830000,-1.0880018950609973,292.79998779296875
BRO,2019-12-31,FY,398514000,3350279000,7622821000,2392171000,0.11894949644492295,16.590677084616615
ROYL,2019-12-31,FY,-348383,1666997,20590627,2967183,-0.20898837850338062,-24.99999534338702
ENTA,2019-12-31,Q1,13443000,482287000,510974000,52570000,0.1114937786007087,-32.17869479803221
OSK,2019-12-31,Q1,75700000.0,2681100000.0,5556200000.0,1695100000.0,0.11293871918242512,-10.533545758028497
LBAI,2019-12-31,FY,70672000,725263000,6711236000,256487000,0.0974432723025992,-27.96316995212423
TAYD,2020-02-29,Q3,2054335,38438877,44028398,20645259,0.213776796861157,4.237286385257309
VEEV,2020-01-31,FY,301118000,1665594000,2271777000,1104081000,0.18078715461270875,88.55466972959543
AGM,2019-12-31,FY,109546000,799276000,21709374000,645093000,0.13705653616522953,-12.251501026267778
DFS,2019-12-31,FY,2957000000,11859000000,113996000000,11993000000,0.24934648789948563,3.7726915347271026
SMCI,2019-12-31,Q2,50051000,1001388000,1807039000,1670747000,0.1999265020152029,27.102415090827748
CMCT,2019-12-31,FY,345521000,277690000,667592000,35633000,1.244268788937304,-0.06896709573679957
BKU,2019-12-31,FY,313098000,2980779000,32871293000,1281870000,0.10503898477545635,-7.11160336749275
GWW,2019-12-31,FY,895000000,1855000000,6005000000,11486000000,0.48247978436657685,20.31194966240176
FSLR,2019-12-31,FY,-114933000,5096767000,7515689000,3063117000,-0.022550177396769365,73.30236766183731
ACM,2019-12-31,Q1,53094000,3673002000,15229359000,3235610000,0.05782082340276428,12.427545739881877
BHB,2019-12-31,FY,22620000,396407000,3669128000,135391000,0.05706256448549092,-12.327685057143837
ENPH,2019-12-31,FY,161148000,272212000,713223000,624333000,0.5919944748945675,551.3586008980525
WHD,2019-12-31,FY,156303000,327466000,834964000,628414000,0.47731062156071163,-26.107223671752855
CLW,2019-12-31,Q4,-5600000,432000000,1877700000,1761500000,-0.05185185185185185,72.65917609685044
MTEX,2019-12-31,FY,3289000,27275000,62923000,157700000,0.12058661778185151,11.8707260988118
EPR,2019-12-31,FY,202243000,3005805000,6577511000,651969000,0.0672841385252869,-55.71913794321285
GTX,2019-12-31,FY,313000000,-2133000000,2275000000,3248000000,-0.146741678387248,-53.653651446253335
INSM,2019-12-31,FY,-254337000,261674000,742299000,136467000,-0.9719612953522322,40.28476204906439
EVRG,2019-12-31,FY,685600000.0,8571900000.0,25975900000.0,5147800000.0,0.07998226764194635,-17.09939757200278
DENN,2019-12-25,FY,117410000,-138064000,460387000,541389000,-0.8504027117858385,-32.14462879208342
ERII,2019-12-31,FY,10913000,136013000,188774000,86942000,0.08023497753891172,33.91215227538997
PRKA,2019-12-29,Q1,-89151,8835387,10650708,983408,-0.04036088062696065,139.9999910593034
VSH,2019-12-31,FY,164790000,1485149000,3120775000,2668305000,0.11095856375353584,-4.509163694404239
TRC,2019-12-31,FY,10579000,430249000,539422000,49523000,0.024588087363364007,-9.637046345231068
BXP,2019-12-31,FY,651999000,5684687000,21284905000,2960562000,0.11469391366666273,-32.329899533946154
BATL,2019-12-31,FY,-10460000,316650000,584666000,65115000,-0.03303331754302858,-40.14869661790212
TOMZ,2019-12-31,FY,-2297733,889543,8225467,6347160,-2.5830488239466782,369.3181973658811
PCYO,2019-11-30,Q1,5762465,80595068,88929509,10461029,0.2859959123057009,-20.081632964465083
STX,2020-01-03,Q2,518000000,1830000000,8932000000,5274000000,1.13224043715847,5.516890185737746
MFA,2019-12-31,FY,378117000,3383952000,13567364000,581726000,0.11173828706790168,-49.80392331635814
FIXX,2019-12-31,FY,-103916000,258507000,310567000,1666000,-0.4019852460474958,-44.202899685812696
MKC,2020-02-29,Q1,144700000.0,3574600000.0,10491700000.0,1212000000.0,0.1619202148492139,10.552893165259478
AAON,2019-12-31,FY,53711000,290140000,371424000,469333000,0.18512097608051287,35.03339828973241
YUMM,2019-09-30,FY,-38324,18669,20831,3619,-2.052814826718089,100.0
PRPL,2019-12-31,FY,-12379000,-2354000,147724000,428358000,5.258708581138488,264.4087213789583
FET,2019-12-31,FY,-567057000,486039000,1159997000,956533000,-1.1666903273194127,-64.1964277402073
CLSD,2019-12-31,FY,-30770000,11157000,26776000,2173000,-2.75790983239222,-27.586212566434515
HY,2019-12-31,FY,36600000.0,544300000.0,1847200000.0,3291800000.0,0.06724232959764835,0.033922079501760155
VRVR,2019-12-31,Q1,-20256,-703785,249965,25044,0.11512606833052708,6.387505523176033
CBRE,2019-12-31,FY,1291450000,6232693000,16197196000,23894091000,0.2072057776630423,1.3379012605243383
SGBI,2019-12-31,Q2,-99126,-2002,55990,11965,198.05394605394605,128.57143363985082
AES,2019-12-31,FY,478000000,2996000000,33648000000,10189000000,0.1595460614152203,17.135677953665997
INIS,2019-12-31,FY,-1200990,-2185799,15256795,8955204,0.5494512532945619,0.0
RBKB,2019-12-31,FY,5963000,109882000,973946000,40986000,0.05426730492710362,-24.22635387386962
WWD,2019-12-31,Q1,53373000,1798603000,4007169000,720355000,0.11869879011655157,2.169874739825026
GHM,2019-12-31,Q3,1296000,98041000,146801000,67522000,0.05287583765975459,-33.22669004999468
EVOL,2019-12-31,FY,-9695000,9118000,19812000,25750000,-1.0632814213643342,128.08988809194278
CALM,2020-02-29,Q3,-42136000,947448000,1117029000,898276000,-0.17789261257609917,4.699090720400192
ROST,2020-02-01,FY,1660928000,3359249000,9348367000,16039073000,0.49443432148078337,-2.231398466721618
AA,2019-12-31,FY,-853000000,4112000000,14631000000,10433000000,-0.20744163424124515,2.4639734123938646
OESX,2019-12-31,Q3,12993000,31421000,57040000,124949000,1.6540530218643583,178.20895403417768
PII,2019-12-31,FY,323960000,1107999000,4430529000,6782518000,0.29238293536366006,-5.889870249276408
CPSS,2019-12-31,FY,5406000,202641000,2539249000,345800000,0.026677720698180526,23.145407605227494
RWLK,2019-12-31,FY,-15551000,10780000,24372000,4873000,-1.442578849721707,-33.33333543579009
MYGN,2019-12-31,Q2,-28900000.0,1077200000.0,1578300000.0,381400000.0,-0.10731526178982548,-33.198674844473686
TAIT,2019-12-31,FY,806000,12715000,13599000,6783000,0.06338969720802203,11.97183672054227
EPAC,2019-11-30,Q1,2121000,353253000,908512000,146674000,0.024016781173832918,-8.3333359432794
HOLX,2019-12-28,Q1,385800000.0,2250800000.0,6311900000.0,850500000.0,0.6856228896392393,44.17662121689577
AXDX,2019-12-31,FY,-84305000,-7379000,134424000,9297000,11.42498983602114,-56.686392338318235
PLMR,2019-12-31,FY,10621000,218556000,395462000,113296000,0.048596240780394956,78.88690174740933
WING,2019-12-28,FY,20476000,-209428000,166113000,199676000,-0.09777107168095957,63.69345040551843
CFFN,2019-12-31,Q1,22511000,1306594000,9236572000,80036000,0.06891505701082357,-10.342310050713527
WGO,2020-02-29,Q2,31336000,801524000,1571927000,1215268000,0.15638209211452184,32.068306388083265
LBRT,2019-12-31,FY,74864000,554827000,1283429000,1972073000,0.13493215002153824,-8.72302407384458
TMDX,2019-12-28,FY,-33547000,54649000,105299000,23604000,-0.6138630167066186,-0.10644202655224065
BPOP,2019-12-31,FY,671135000,6016779000,52115324000,2260793000,0.11154390081470501,-5.991490140874335
SHAK,2019-12-25,FY,24128000,298817000,968268000,594519000,0.08074507139821362,44.1581891267354
PEGA,2019-12-31,FY,-90433000,539010000,984812000,911383000,-0.16777610804994342,64.03012102144804
NXTC,2019-12-31,FY,-33737000,321484000,356168000,6347000,-0.10494145898396187,-81.37759731913405
WKHS,2019-12-31,FY,-37162827,-34913110,50673829,376562,1.06443759951491,587.8289509801984
FLNT,2019-12-31,FY,-1747000,210937000,317093000,281684000,-0.008282093705703599,104.7999954223633
KFY,2020-01-31,Q3,107638000,1275100000,2739649000,1528354000,0.3376613598933417,11.273789613206635
OPBK,2019-12-31,FY,16757000,140576000,1179520000,58779000,0.1192024243114045,-26.42237031201704
CRWS,2019-12-29,Q3,4953000,41563000,62150000,53089000,0.4766739648244833,17.213118150009375
AKAM,2019-12-31,FY,478035000,3657958000,7006886000,2893617000,0.13068356717053614,23.535543502521065
CMTL,2020-01-31,Q2,9883000,551203000,949942000,331921000,0.07171949354412077,-26.18471025520206
GPMT,2019-12-31,FY,70214000,1019136000,4460862000,246257000,0.06889561353931173,-45.048961683149116
IBCP,2019-12-31,FY,46435000,350169000,3564694000,148928000,0.13260739814203998,-19.028695534353623
CALM,2019-11-30,Q2,-55907000,933731000,1111280000,552688000,-0.2394993847264362,-9.457897620385602
SPGX,2019-03-31,Q1,-59559,1793938,2087992,95000,-0.13280057616260985,-50.16611279891927
BWA,2019-12-31,FY,797000000,4706000000,9702000000,10168000000,0.16935826604334892,-11.134158269310705
NCSM,2019-12-31,FY,-22818000,144610000,202577000,205485000,-0.15778991770970197,-42.4523807707287
APOG,2019-11-30,Q3,49956000,514979000,1149791000,1050340000,0.3880235893114088,-26.77102311722821
EVC,2019-12-31,FY,-19478000,288172000,656200000,273575000,-0.06759157725247422,6.106873771734767
TELL,2019-12-31,FY,-151767000,166285000,382322000,28774000,-0.9126920648284572,-82.28022081489766
CMC,2019-11-30,Q1,83348000,1701501000,3808351000,1384708000,0.1959399377373272,-3.4626039025092994
UFCS,2019-12-31,FY,14820000,910472000,3013472000,1201165000,0.016277271569032328,-43.53990214381104
CPT,2019-12-31,FY,224270000,3628685000,6748504000,8696000,0.06180475847311078,-7.134778325817432
SNOA,2019-12-31,Q3,-1572000,11209000,16496000,14357000,-0.5609777857079132,69.26605248730175
BHC,2019-12-31,FY,-1783000000,1063000000,33863000000,8601000000,-1.6773283160865475,-33.45588303261037
SNFCA,2019-12-31,FY,10893519,196710605,1334444075,283060930,0.055378402196465205,41.709400951305895
GTLS,2019-12-31,FY,46800000.0,1227600000.0,2481400000.0,1299100000.0,0.03812316715542522,71.24018869893214
FTI,2019-12-31,FY,-2412100000.0,7659300000.0,23518800000.0,13409100000.0,-0.3149243403444179,-55.64365679449216
OLLI,2020-02-01,FY,141130000,1058885000,1596247000,1408199000,0.13328170670091652,76.91662451465821
ESNT,2019-12-31,FY,555713000,2984845000,3873425000,867567000,0.18617817675624698,-17.676480370672046
ITRI,2019-12-31,FY,52415000,776538000,2707841000,2502470000,0.06749830658641302,11.340088884494325
MDLZ,2019-12-31,FY,3885000000,27275000000,64549000000,25868000000,0.14243813015582035,6.118371132632615
PCAR,2019-12-31,FY,2387900000.0,9706100000.0,28361100000.0,25599700000.0,0.2460205437817455,7.863465474976467
ENTG,2019-12-31,FY,254860000,1165889000,2516086000,1591066000,0.2185971391787726,88.40088332821941
IBIO,2019-12-31,Q2,-8228000,-511000,36384000,422000,64.40704500978474,332.0
MYFW,2019-12-31,FY,8009000,127678000,1251682000,45051000,0.06272811290903679,15.239832018976674
UBFO,2019-12-31,FY,15172000,115988000,956919000,40702000,0.13080663516915542,-35.414723914384396
USNA,2019-12-28,FY,100526000,351712000,516934000,1060902000,0.28581907924665634,-0.9675392828816208
GSIT,2019-12-31,Q3,-6513000,92247000,105911000,34808000,-0.28241568831506714,6.488011681904831
CCO,2019-12-31,FY,-361777000,-2054706000,6393288000,2683810000,0.17607239186530824,-42.30769102518242
ALTX,2019-12-31,Q1,-10000,1243000,2322000,16000,-0.032180209171359615,48.14814440071393
SNA,2019-12-28,FY,711200000.0,3409100000.0,5693500000.0,4067700000.0,0.20861811035170572,0.550822053270563
LIVE,2019-12-31,FY,348113,-849385,412816,0,-0.40984123807225226,55.12648819539173
MTCH,2019-12-31,FY,534425000,319785000,2423712000,2051258000,1.6712009631471145,82.94970174651901
TCBI,2019-12-31,FY,322866000,2832258000,32548069000,1365312000,0.11399597070605856,2.7479326417332715
COTY,2019-12-31,Q2,39900000.0,4471700000.0,17360900000.0,4287800000.0,0.03569112418096026,-39.02222103542752
AAME,2019-12-31,FY,-386000,118394000,377626000,198179000,-0.003260300353058432,6.598978382454619
QLYS,2019-12-31,FY,69336000,386803000,675608000,321607000,0.17925403887767158,42.437322883341835
CMP,2019-12-31,FY,62500000.0,529600000.0,2443200000.0,1490500000.0,0.11801359516616314,-1.0498677809387533
NVCR,2019-12-31,FY,-7230000,217790000,479448000,351318000,-0.033197116488360344,100.49841396044357
EQT,2019-12-31,FY,-1221695000,9803588000,18809227000,3791414000,-0.12461712997323021,14.31193095607691
ALK,2019-12-31,FY,769000000,4331000000,12993000000,8781000000,0.17755714615562226,-23.202953831296124
LC,2019-12-31,FY,-30745000,900187000,2982341000,604234000,-0.034154014665841656,-35.3407296243362
CENX,2019-12-31,FY,-80800000.0,675000000.0,1499700000.0,1836600000.0,-0.1197037037037037,36.03722830031077
PRA,2019-12-31,FY,1004000,1511913000,4805599000,999834000,0.0006640593737867192,-50.91311546563162
MDT,2020-01-24,Q3,4167000000,51808000000,92822000000,22916000000,0.32172637430512663,-2.2471912268745577
BKH,2019-12-31,FY,213322000,2362123000,7558457000,1734900000,0.09030943773884764,-22.75274069044368
ETN,2019-12-31,FY,2213000000,16082000000,32805000000,21390000000,0.1376072627782614,23.690880650560526
SMP,2019-12-31,FY,57917000,504228000,912730000,1137913000,0.11486272083263921,-23.374675227491277
JOB,2019-12-31,Q1,-3563000,6645000,125156000,37557000,-2.14477050413845,161.5384662409978
AQST,2019-12-31,FY,-66246000,-6122000,78479000,52609000,10.820973538059457,-4.639174793175985
